2592 4075
675 255 716 319 80

544 477 547 482 ·
659 445 738 519 Ξθι

506 687 508 692 ,
535 591 577 663 u.
601 602 656 676 ra,
679 601 852 665 son-sm.

322 761 422 819 τοῖσιν
445 741 505 818 δ’ίν
527 752 669 838 μέσσοισι
689 744 767 827 πάις
787 742 935 836 φόρμιγγι
956 749 1046 835 λιγσίΙ

325 861 446 956 ίμερότν
466 860 629 953 κιθάριζε,
653 867 734 935 λίνον
755 856 843 934 δ’ὖπό
865 858 1090 940 ratiocinio

321 987 478 1071 λεπταλέῃ
501 988 607 1071 φωνῇ·
628 983 679 1051 τοί
699 983 735 1051 δὲ
755 977 924 1071 ῥήσσοντες
944 974 1078 1069 οἱμαρτῄ

323 1105 429 1190 μολπῇ
450 1091 578 1190 τ’ίνγμῷ
598 1126 634 1170 τε
654 1099 727 1169 ποσὶ
748 1099 933 1185 σκαίροντες
956 1100 1076 1165 ἕποντο.

332 1268 366 1331 iu
387 1286 459 1332 voce
485 1266 568 1333 λίνον
595 1269 776 1349 explicanda
805 1270 878 1333 satis
905 1274 1008 1332 notum
1030 1272 1095 1341 est,
1129 1266 1158 1327 in

240 1386 317 1451 duas
337 1394 439 1467 partes
461 1388 573 1450 abiisse
594 1388 784 1468 interpretes,
808 1396 840 1450 ut
860 1385 948 1450 alteri
965 1384 1083 1448 dodino
1100 1399 1160 1462 pro

183 1505 186 1511 “
240 1502 355 1569 cirorda
377 1502 489 1567 dictum
510 1506 702 1584 acciperent,
734 1503 822 1568 alteri
849 1504 887 1567 de
908 1511 1005 1567 vetere
1026 1500 1159 1581 quodam

240 1621 373 1699 cantico,
407 1623 490 1701 quod
511 1624 549 1685 ab
572 1622 665 1686 heroe
687 1640 798 1686 nomen
819 1624 920 1686 traxit.
964 1618 1159 1701 Quicumque

239 1749 372 1803 ueterum
399 1740 597 1820 interpretum
625 1742 859 1805 commentarios
888 1738 933 1803 rei
965 1738 1094 1817 primis,
1130 1745 1160 1800 ut

240 1856 359 1935 dicitnr,
383 1855 477 1919 labris
498 1858 610 1939 attigit,
634 1871 696 1921 nou
718 1858 877 1934 dubitabit,
901 1855 975 1936 quin
998 1854 1159 1934 cupiditate

240 1987 302 2037 non
331 1971 385 2038 illa
418 1973 541 2053 quidem
572 1992 666 2056 parva
692 1975 925 2055 explicationem
956 1974 1158 2052 arripuerint,

241 2107 309 2171 qum
336 2090 374 2154 de
399 2100 496 2154 vetere
522 2091 575 2154 itto
608 2092 702 2154 heroe
729 2101 758 2154 et
785 2093 919 2155 carmine
948 2108 985 2153 ea
1013 2107 1050 2152 eo
1078 2088 1159 2152 dieto

240 2207 409 2274 disserendi
436 2209 556 2287 copiam
585 2207 689 2286 daret,
726 2225 824 2289 neque
856 2208 1020 2288 qnisquam
1048 2206 1160 2270 iactum

240 2344 307 2389 esse
332 2326 513 2403 mirabitur,
547 2335 579 2388 ut
603 2342 669 2405 prae
697 2329 814 2391 ratione
841 2336 902 2390 tam
928 2325 1031 2388 subtili
1059 2333 1088 2387 et
1108 2341 1160 2385 ex·

241 2444 352 2522 quisita
374 2443 511 2507 sorderet
536 2443 588 2507 iiia
610 2445 724 2521 altera,
757 2461 827 2524 quae
852 2453 964 2524 praetm
989 2449 1160 2522 suspectam

241 2559 393 2639 quandam
422 2562 643 2640 simplicitatem
672 2563 755 2626 uuila
784 2578 817 2624 re
845 2558 1051 2624 commendari
1078 2555 1160 2620 vide-

240 2686 332 2741 retur.
387 2677 520 2741 Eandem
552 2680 700 2742 rationem
728 2679 887 2758 ampiexus
916 2677 1093 2758 Spitrncrns
1122 2674 1160 2738 de

240 2795 271 2859 h.
304 2794 326 2858 l.
360 2813 489 2860 excursu
527 2795 704 2859 doctissimo
736 2799 948 2877 copiosissime
986 2794 1159 2874 disputavit.

241 2910 305 2991 Qui
332 2928 445 2990 quum,
479 2915 647 2994 propositis
669 2924 801 2978 veterum
828 2914 1027 2990 testimoniis,
1061 2911 1161 2975 varias

240 3028 443 3093 recentiorum
465 3033 626 3096 sententias
645 3034 865 3114 recognoverit,
889 3033 948 3096 hoe
964 3032 1070 3095 labore
1087 3027 1161 3091 mihi

241 3146 500 3228 supersedendum
520 3150 636 3213 ridetur
656 3150 749 3231 idque
770 3149 978 3213 tantummodo
996 3145 1159 3229 agendum,

241 3276 287 3345 ut,
318 3284 386 3347 quae
409 3276 513 3331 contra
534 3268 613 3332 hane
635 3270 784 3332 rationem
806 3267 908 3331 afferri
931 3266 1042 3341 soient,
1073 3279 1161 3342 rope·

240 3395 301 3449 tam
323 3394 351 3449 et
372 3403 468 3466 pauca
491 3385 631 3465 quaedam
653 3383 774 3449 addam.
