2592 4075
579 261 618 326 tt

138 454 302 534 principaii
328 454 549 536 significatione
576 453 764 532 aliquantum
791 451 960 522 deflexisset
973 471 1054 522 nsns

137 574 363 653 posteriorum,
396 580 516 648 mmen,
550 570 604 632 iiio
631 572 663 632 in
693 570 821 632 clariore
848 571 916 636 inre
935 575 1052 652 posito,

138 690 218 754 hunc
239 690 341 768 ipsum
362 688 509 756 idnstrari
531 686 750 759 existimabam.

227 805 330 884 itaque
357 816 389 869 nt
420 808 525 886 paucis
552 807 699 883 eloquar,
734 804 808 883 qnid
834 807 950 874 intersit
975 808 1059 876 inter:

136 925 294 1003 utriusque
315 926 437 1004 generis
459 924 662 1004 pronomina,
691 923 784 988 altera
803 913 895 1003 (ὅδε,
920 914 1051 1002 nudate,

135 1039 272 1124 reliqna)
301 1042 411 1108 direme
444 1042 669 1119 demonstrant,
703 1042 848 1108 indirecte
879 1041 976 1110 altera·
994 1032 1056 1121 ,(ὅ,

137 1144 244 1236 οὗτος,
265 1165 366 1237 τοῖος,
387 1159 544 1238 τοιοῦτος,
568 1157 715 1240 reliqua).
758 1158 840 1222 Idem
861 1166 898 1219 ut·
913 1158 1052 1244 pluribus

79 1269 81 1271 ’
136 1275 254 1352 dinam,
288 1277 480 1355 pronominis
507 1277 733 1340 demonstrativi
759 1277 1052 1372 haeoestris1pr·o·

136 1393 225 1471 pria,
258 1401 305 1470 nt,
334 1395 387 1472 qui
403 1405 445 1460 'eo
473 1396 504 1464 in
526 1393 648 1460 homine
670 1403 721 1458 aut
742 1411 775 1455 re
796 1402 846 1458 ant
866 1394 1054 1472 proprietate

136 1509 325 1590 designanda
348 1511 454 1586 utitur,
479 1510 628 1588 quidquid
649 1511 755 1589 lingua
776 1518 944 1588 nuncupat,
972 1511 1052 1574 idem

137 1628 226 1705 qnasi
257 1625 353 1707 digito
385 1634 541 1694 monstret.
578 1625 669 1690 'Hor
700 1627 794 1706 igitur
825 1625 1057 1692 demonstrandi·

137 1758 248 1804 nomen
268 1760 303 1805 ea
324 1744 508 1820 pronomina
529 1744 657 1823 proprie
679 1744 831 1835 obtinent,
861 1745 973 1823 quibus
986 1746 1059 1808 ‘uti-2·

60 1901 62 1906 »
137 1876 206 1921 mur
226 1862 257 1921 in
277 1859 452 1924 hominibus
474 1870 502 1922 et
522 1862 613 1928 rebus
635 1861 858 1944 designandis,
890 1863 943 1940 qni
970 1859 1051 1942 prae-

136 1985 235 2040 sentes
266 1976 376 2039 adsunt
407 1985 436 2039 et
466 1978 548 2041 cerni
579 1996 615 2042 ao
647 1981 810 2043 monstrari
841 1988 971 2060 possunt
1000 1987 1053 2067 aut

136 2094 224 2174 qnasi
252 2109 355 2157 eoram
381 2094 487 2157 adesse
515 2104 544 2161 et
562 2097 660 2183 doniis
682 2099 765 2160 cerni
786 2098 933 2161 videntur.
989 2095 1058 2162 Sed

134 2211 221 2274 alteri
250 2228 372 2301 qnoque
399 2214 504 2291 generi
526 2213 584 2283 hoc
606 2222 716 2281 nomen
733 2217 905 2302 imponitur
926 2208 1059 2297 eornm
1109 2258 1112 2262 »

136 2328 247 2408 quibus
269 2329 395 2405 utimur,
425 2346 519 2408 quum
540 2330 679 2393 homines
701 2341 729 2393 et
749 2350 800 2394 res
820 2340 977 2407 notamus,
997 2332 1050 2409 qui

134 2455 186 2508 aut
207 2447 238 2507 in
260 2445 316 2522 iis,
345 2462 413 2523 qnae
435 2447 626 2529 antecedunt,
648 2450 816 2511 accuratius
838 2442 1057 2529 designantur„

134 2570 191 2633 aut,
207 2564 333 2649 omnino
353 2563 544 2629 auditoribus
566 2565 688 2630 aliunde
709 2568 773 2634 noti
793 2575 876 2643 sunt,
900 2564 951 2628 aut
972 2565 1049 2628 rela-

134 2680 193 2742 tiva
214 2681 359 2743 sententia
381 2679 619 2765 definiuntur.*).
665 2684 728 2747 ‚Hie
753 2694 798 2748 est
821 2684 904 2745 enim
931 2684 1049 2762 primus

134 2797 324 2875 maximeque
345 2799 492 2876 proprius
513 2816 587 2861 usus
608 2802 931 2875 sentendaenotmivae,
957 2809 1001 2863 nt.
1016 2800 1057 2862 in

134 2930 213 2976 verae
234 2913 498 2981 demonstrationis
519 2916 620 2981 loonm
641 2916 856 3000 snceedmtt).
932 2952 935 2961 ‚
1044 2946 1046 2955 ·

151 3143 184 3213 *J
202 3145 332 3196 Interdum
355 3159 402 3211 pro
421 3141 475 3207 οἷος
493 3143 563 3195 aliud
581 3161 654 3211 pron.
674 3150 719 3199 rei.
739 3140 797 3214 (ὅς,
822 3138 906 3216 ὅπως)
924 3148 1055 3216 aequitum·

202 3255 252 3307 quo
274 3237 362 3295 renus
383 3244 452 3300 τοῖος
476 3238 612 3302 definitur,
643 3239 738 3306 saepius
761 3240 846 3293 oratio
868 3241 1047 3301 contionatur,

203 3347 279 3395 voee,
303 3348 326 3400 q.
346 3347 368 3382 ea
386 3337 467 3399 τοῖος,
487 3332 694 3387 aeramentum
713 3334 852 3385 destante.
949 3358 954 3373 ’-

134 3421 185 3490 **)
200 3426 243 3479 En
264 3424 439 3493 superioribus
458 3425 517 3477 -hrae
538 3424 689 3492 morentiae
712 3430 805 3494 optime
828 3425 946 3485 definiit
960 3427 1048 3477 Kene-

204 3533 281 3582 gerus
300 3518 386 3588 (synt.
405 3534 444 3583 gr.
464 3535 504 3584 gr.
523 3536 547 3585 p.
567 3518 656 3585 ΗΘ»ι
675 3512 721 3575 ὅδε
739 3511 859 3582 metim
880 3524 985 3571 aetzen'
1002 3519 1046 3571 ein

805 3626 822 3672 3
