2592 4075
579 258 619 323 95

144 450 358 535 monneto,
391 453 534 521 teodoro
560 453 597 520 δέ
623 453 666 517 iet
692 448 794 517 otnero
822 448 1062 538 Veriiodoo9''.

144 572 248 654 Inque
267 573 450 653 scripturam
471 570 647 650 Aristarcho
674 571 835 651 petron
860 579 888 634 et
908 590 927 634 o
948 569 1063 635 Wolfio

143 701 296 772 receptam
316 690 386 754 ideo
408 689 603 755 reiieiendem
624 697 740 765 censet,
763 686 847 767 quod
868 688 900 750 in
921 689 971 765 iis,
995 704 1064 767 qoae

143 808 336 887 procedunt,
370 806 505 885 nonsit,
539 807 588 871 eoi
609 789 898 885 respondentotire.
941 801 980 867 tt
998 821 1064 867 am-

143 925 226 1005 ptius
242 926 464 1005 qninquaginta
478 924 565 988 iocos
575 924 759 988 Homericos
771 921 912 1003 proferre
924 938 1063 1001 possum,

143 1042 178 1106 in
197 1043 309 1120 orobos
331 1027 436 1106 i’oire
457 1058 587 1121 prorsus
608 1041 736 1106 earrdem
757 1042 817 1103 rim
833 1040 952 1117 haheat,
974 1047 1065 1119 atque

143 1159 274 1239 simplex
300 1159 451 1239 particula
478 1157 521 1223 δέ.
549 1192 590 1203 -
622 1160 725 1238 itaque
752 1159 779 1222 si
806 1158 937 1221 maxime
966 1157 1065 1221 otiose

144 1285 223 1343 esset
241 1277 391 1356 pertineto
414 1263 500 1352 αὖτε,
522 1291 584 1338 non
604 1284 670 1340 eret
691 1293 774 1353 sene,
800 1284 832 1338 nt
853 1282 1065 1356 argumentum

144 1403 250 1460 onnon
271 1396 432 1473 scripturae
455 1394 607 1458 veritatem
629 1393 700 1457 inde
721 1402 835 1473 peteret
853 1390 1064 1468 Bottmeonm,

224 1511 313 1593 Quid
338 1512 365 1574 si
393 1509 481 1575 ferite
507 1509 710 1574 demonstrnri
736 1518 856 1590 potest,
889 1495 966 1573 αὖτε
987 1508 1019 1572 h.
1040 1507 1065 1572 i.
1170 1592 1172 1596 Ι

143 1630 268 1692 minime
294 1625 479 1691 abundare?
533 1625 700 1691 Videamus
728 1628 841 1708 igitur,
877 1626 951 1707 quid
976 1642 1066 1690 verso

145 1754 250 1818 nonno
277 1745 378 1810 dioere
402 1744 531 1810 potuerit
550 1753 652 1824 poeto.
695 1746 757 1809 lom
779 1762 850 1809 vero
872 1747 904 1807 in
925 1744 1067 1824 superio·

144 1863 230 1930 iners
250 1861 428 1943 inopsoetiis
448 1862 634 1941 itnsemper
651 1871 905 1927 commemoratur
922 1861 1065 1941 Achilles,

144 1990 177 2046 ut
196 1982 323 2045 inertem
344 1982 436 2045 vitam
451 1981 512 2045 inm
529 1981 582 2046 diu
599 1989 765 2062 pertesum
779 1983 810 2044 in
827 1999 896 2045 ceso
913 1980 1066 2045 sedentem

143 2099 299 2164 videmnus
325 2099 440 2164 tristem
463 2109 491 2165 et
507 2117 625 2181 pognae
652 2101 810 2180 strepitum
832 2098 1065 2163 desiderantem.

142 2216 276 2283 Petronii
303 2226 400 2281 morte
427 2219 528 2282 subito
556 2227 709 2282 mutentur
737 2219 851 2280 omnia.
906 2215 984 2279 Gom
1011 2232 1067 2295 spe

143 2334 314 2413 propinqui
335 2336 508 2397 oertnminis
529 2344 612 2399 vetos
634 2334 738 2411 ordor,
762 2351 852 2412 quem
875 2333 928 2395 din
945 2350 1067 2412 repres-

143 2456 228 2519 serat
245 2450 291 2515 ire
312 2447 551 2531 Agamemnonis
573 2452 685 2514 iniuria
707 2457 874 2526 commoto,
908 2450 941 2512 in
961 2457 1067 2528 pectus

144 2570 209 2635 eine
235 2568 324 2632 redit
367 2568 509 2634 Nuntiate
534 2568 667 2633 Petronii
695 2577 812 2646 morte,
846 2569 915 2632 iicet
940 2569 1066 2633 inermis

144 2685 203 2764 sit,
237 2702 306 2751 oum
326 2685 454 2751 Hectore
482 2686 702 2767 congrediendi
728 2687 828 2750 studio
851 2688 979 2767 ssogrot3
1013 2685 1067 2748 sed

144 2813 246 2867 monet
266 2813 372 2880 mater,
395 2820 434 2869 ne
452 2804 576 2867 emissis
596 2806 691 2867 ermis
712 2806 863 2884 proelium
881 2806 974 2881 inere
994 2803 1067 2866 dom

145 2922 213 3002 ipso
240 2938 317 2985 nove
345 2938 430 2986 orme
456 2939 473 2985 a
498 2921 637 2986 volonno
665 2920 743 2985 teoto
769 2922 884 2985 afferat.
928 2921 1067 2985 iuvenem

145 3040 243 3104 solitis
264 3041 358 3102 ermis
380 3038 554 3102 destitutum
575 3056 742 3120 pugnaque
764 3057 847 3120 aegre
868 3040 1067 3104 abstinentem

146 3174 208 3220 non
236 3158 337 3236 inepte
365 3172 433 3220 oum
454 3158 502 3220 evi
524 3154 685 3235 conteres,
721 3174 790 3238 qoae
817 3157 928 3221 decisis
956 3157 1068 3237 pennis

146 3273 209 3336 eins
231 3271 344 3337 frustra
360 3283 478 3338 movent
494 3291 593 3354 neque
608 3274 739 3339 volando
757 3293 789 3338 se
805 3274 940 3338 attollere
957 3274 1066 3354 possit.

148 3387 206 3453 Sed
232 3399 396 3470 postquam
425 3390 592 3470 postridie,
625 3393 740 3473 paratis
773 3394 833 3455 iant
865 3393 903 3457 ad
930 3409 1067 3474 pugnem

147 3509 288 3571 omnibus
310 3511 416 3586 rebus,
440 3509 541 3575 divine
563 3526 647 3575 atine
670 3509 872 3585 induit,.tum
896 3526 967 3571 vero
991 3508 1066 3571 nihii
