2592 4075
678 270 720 334 80

548 489 551 498 ’
662 459 742 534 Μ’.

539 607 580 678 ¹ll.
605 616 659 691 18,
682 615 855 680 ouo-572.

326 776 426 835 τοῖσιν
449 755 508 833 δ’ίν
531 766 673 853 μέσσοισι
693 758 770 842 πάις
790 757 939 851 φόρμιγγι
959 764 1059 850 λιγείῃ

329 875 450 971 ίμερόιν
470 874 632 968 κιθάριζε,
656 882 737 949 λίνον
758 871 846 952 δ’ὖπδ
868 875 970 948 καλὸν
990 873 1093 964 ἄειδεν

325 1001 482 1086 λεπταλέῃ
505 1003 610 1086 φωνή·
631 997 682 1067 τοὶ
702 997 738 1066 δὲ
758 991 928 1085 ῥήσσοντες
947 989 1080 1083 ἁμαρτῇ

327 1119 432 1206 μολπῇ
453 1106 581 1205 τ’ίνγμῷ
601 1140 638 1184 τι
657 1113 730 1183 ποσί
751 1113 936 1200 σκαίροντες
960 1114 1079 1180 ἕποντο.

335 1283 368 1346 In
390 1300 463 1347 voce
488 1280 571 1347 λίνον
598 1283 779 1364 explicanda
808 1284 881 1347 satis
908 1289 1011 1346 notum
1033 1286 1097 1356 est,
1131 1280 1161 1342 in

243 1400 320 1465 duas
341 1409 443 1480 partes
464 1402 576 1465 abiisse
598 1403 788 1482 interpretes,
812 1409 843 1464 ut
863 1399 951 1464 alteri
968 1398 1086 1462 dotino
1104 1413 1162 1477 pro

187 1521 189 1526 '
243 1517 358 1584 chorda
379 1517 492 1581 dictum
513 1520 705 1600 acciperent,
738 1518 825 1582 atteri
852 1517 890 1581 de
911 1525 1008 1582 vetere
1029 1514 1162 1596 quodam

243 1638 376 1712 cantico,
410 1637 493 1716 quod
514 1638 552 1699 ab
575 1636 668 1702 heroe
690 1655 801 1700 nomen
822 1638 924 1700 traxit.
967 1632 1163 1715 Quicumque

243 1763 374 1817 veterum
402 1755 600 1834 interpretum
628 1756 862 1819 commentarios
891 1753 937 1817 rei
968 1753 1097 1832 primis,
1132 1760 1164 1814 ut

243 1871 362 1949 dicitur,
385 1869 480 1934 labris
501 1873 614 1954 attigit,
637 1888 700 1936 non
721 1872 880 1949 dubitabit,
904 1870 978 1950 quin
1001 1868 1162 1948 cupiditate

243 2003 304 2052 non
334 1985 388 2053 viiia
420 1988 544 2068 quidem
575 2007 669 2071 parva
696 1990 928 2070 explicationem
959 1988 1161 2068 arripuerint,

243 2122 312 2186 uum
339 2105 376 2168 de
402 2114 499 2169 vetere
525 2107 578 2169 ilic
611 2106 705 2170 heroe
732 2115 761 2169 ct
788 2108 922 2169 carmine
951 2122 989 2167 ex
1016 2122 1052 2166 eo
1081 2101 1162 2166 dieto

243 2222 412 2286 disserendi
439 2224 559 2302 copiam
588 2222 693 2301 daret,
729 2239 828 2303 neque
860 2223 1022 2303 quisquam
1051 2219 1163 2284 sactum

243 2358 310 2404 esse
335 2341 516 2418 mirabitur,
549 2349 582 2403 ut
607 2356 672 2420 prae
700 2343 817 2406 ratione
844 2349 905 2405 tam
931 2338 1034 2403 subtili
1062 2347 1091 2400 et
1111 2355 1163 2400 ex·

244 2457 355 2538 quisita
377 2458 513 2521 sorderet
539 2458 592 2521 iiia
613 2458 727 2537 attera,
760 2476 830 2538 quar
856 2468 967 2539 preter
992 2464 1163 2537 suspectam

244 2574 396 2654 quandam
425 2576 646 2655 simplicitatem
675 2577 758 2641 nulla
787 2593 821 2639 re
848 2574 1054 2639 commendari
1081 2571 1162 2635 vide·

243 2700 336 2755 retur.
389 2691 523 2756 Eandem
554 2695 704 2757 rationem
731 2694 890 2774 amplexus
919 2690 1096 2772 Spitmerns
1125 2689 1163 2753 de

243 2810 275 2873 h.
307 2809 329 2873 t.
363 2827 492 2875 excursu
530 2810 707 2875 doctissimo
740 2813 952 2891 copiosissime
989 2809 1162 2889 disputavit.

244 2924 308 3006 Qui
335 2942 449 3004 quum,
482 2930 650 3008 propositis
672 2937 805 2993 veterum
831 2927 1031 3002 testimoniis,
1064 2925 1164 2989 varias

243 3043 446 3108 recentiorum
468 3047 630 3110 sententias
647 3048 868 3128 recognoverit,
891 3046 951 3110 hoc
969 3045 1073 3108 labore
1089 3042 1163 3105 mitri

244 3161 504 3241 supersedendum
523 3163 639 3228 ridetur
660 3164 752 3244 idque
773 3162 981 3228 tantummodo
999 3157 1162 3243 agendum,

244 3291 291 3359 ut,
321 3298 389 3362 qum
412 3290 516 3345 contra
537 3283 616 3346 hanc
638 3284 787 3346 rationem
809 3280 911 3345 afferri
934 3281 1045 3355 solent,
1076 3292 1164 3355 repe·
1285 3304 1286 3331 ι

244 3409 304 3463 tam
326 3408 354 3463 et
374 3417 471 3480 pauca
494 3400 634 3479 quedam
656 3398 778 3463 addam.
