2592 4075
635 268 662 331 3.

184 458 367 539 uberrimus,
391 462 446 541 qui
468 477 505 524 ex
528 462 669 526 universa
690 463 782 525 totius
799 461 987 540 antiquitatis
1005 460 1113 542 cogni-

184 577 264 641 tione
282 580 406 659 petitor‚
430 579 480 641 bic
502 588 557 656 est,
581 589 622 657 ut,
646 596 742 659 quum
762 580 903 641 iocorum
925 586 1113 657 temporum·

183 713 242 774 que
263 697 440 774 momentis,
464 711 533 776 quae
555 698 594 760 ab
615 697 666 759 bis
687 703 759 758 suut
777 696 1000 772 diversissima,
1024 702 1111 757 uatu-

180 829 248 877 ram
259 813 426 877 bumnuam
436 821 634 894 temperatam
645 812 841 891 contemplati
852 813 959 889 simus,
981 829 1112 891 quaeque

180 929 253 994 inde
274 932 389 1009 oritur,
422 931 596 1012 rugituum,
628 930 794 1010 loquendi,
828 928 961 1007 agendi,
993 927 1111 990 vivendi

179 1048 429 1127 perspexerimus
457 1048 680 1125 differentiam,
713 1049 754 1110 ita
775 1047 1003 1126 inteiligamus,
1037 1044 1110 1123 quid

180 1165 220 1228 sit
240 1164 332 1229 huius
354 1174 470 1228 naturae
490 1167 672 1246 proprium,
697 1164 770 1245 quid
793 1172 985 1227 externarum
1008 1177 1111 1222 rerum

179 1284 342 1345 momentis
360 1282 522 1345 debentur:
544 1283 673 1346 eandem
683 1283 840 1346 utilitatem
858 1280 962 1343 nescio
974 1296 1013 1340 an
1025 1278 1110 1340 sotus

179 1398 473 1475 corroboremus,
497 1400 551 1478 qui
572 1407 713 1461 naturam
733 1400 898 1462 humanam
919 1396 1110 1488 temporibus

178 1516 363 1579 beatissimis
390 1518 583 1594 maximeque
616 1516 754 1594 propriis
782 1517 811 1576 vi
839 1514 961 1576 inveniti
990 1510 1109 1574 efflore-

180 1642 312 1695 scentem
334 1634 399 1695 viva
420 1643 448 1695 et
464 1634 560 1713 ptena-
573 1634 707 1714 imagine
723 1640 792 1695 aute
809 1631 916 1694 ocutos
934 1630 1107 1709 proposuit.

259 1747 336 1829 Quo
358 1745 458 1831 magis
479 1752 658 1814 recensione
675 1750 778 1812 subtili
795 1758 824 1811 et
840 1748 990 1829 diligenti,
1013 1749 1105 1809 inter·

178 1866 347 1943 pretatione
363 1869 445 1930 teoni
461 1877 489 1930 et
499 1869 676 1946 composita·
689 1868 824 1930 carmina
836 1864 998 1927 Homerica
1011 1863 1104 1943 digna

177 1981 369 2061 videantur,
389 1984 448 2049 boc
475 2001 599 2065 quoque
626 1985 762 2060 accedit,
797 1983 881 2063 quod
908 1984 979 2047 buic
1008 1991 1106 2062 poete

176 2102 393 2181 cognoscendo
424 2104 458 2165 in
488 2104 603 2166 sebotis
635 2112 687 2166 ant
721 2103 781 2164 soli
813 2110 865 2164 aut
896 2117 964 2164 cum
997 2101 1104 2179 paucis

174 2218 341 2296 plurimum
359 2220 460 2282 breuis
474 2220 557 2283 illius
575 2220 734 2300 temporis,
758 2219 842 2298 quod
860 2216 976 2282 Grecis
997 2218 1106 2279 titteris

174 2335 312 2398 relictum
334 2346 394 2414 est,
423 2345 504 2399 recte
524 2338 682 2415 tribuitur,
711 2345 741 2399 et
761 2337 799 2398 ab
821 2335 930 2397 eodem
952 2334 1104 2411 scriptore

174 2452 346 2515 studiorum
368 2453 488 2516 initium
503 2450 567 2515 iere
583 2451 709 2530 faciunt,
732 2452 796 2532 qui,
819 2452 930 2531 primis
950 2450 1105 2513 elementis

173 2545 352 2649 perceptis,
392 2571 564 2651 pleniorem
600 2579 630 2634 et
665 2570 857 2633 subtiliorem
895 2568 1105 2650 grammaticae

174 2688 247 2749 artis
269 2688 426 2750 scientiam
449 2696 601 2767 querunt.
644 2685 709 2767 Qui
733 2703 827 2765 quum
854 2687 894 2749 ad
915 2687 981 2749 bec
1002 2684 1103 2747 studia

174 2804 317 2868 accedant
338 2805 439 2867 omnis
460 2805 590 2867 rationis
612 2805 729 2886 ignari,
760 2814 825 2868 erat
844 2803 878 2866 id
899 2801 1024 2882 quidem
1047 2816 1103 2880 op·

173 2918 320 2995 tandum,
354 2928 405 2997 ut,
441 2923 495 3001 qui
516 2922 713 3000 superiorum
739 2923 940 3001 interpretum
967 2917 1104 2997 vestigiis

172 3037 318 3099 insistens
338 3037 376 3100 de
397 3039 490 3101 rebus
511 3047 540 3101 et
561 3039 717 3101 sententiis
742 3055 881 3118 quarere
902 3036 1101 3110 assuevisset,

172 3154 301 3217 lectione
332 3153 415 3219 finita
446 3158 560 3235 praeter
591 3173 659 3219 enm
691 3172 795 3219 rerum
821 3155 1101 3229 sententiarumque

172 3273 400 3352 cognitionem,
441 3286 502 3351 qua
540 3273 737 3353 singulorum
774 3273 958 3351 scriptorum
995 3266 1103 3330 notitia

172 3390 361 3466 continetur,
396 3390 485 3452 etintn
508 3389 663 3453 communi
691 3389 795 3467 aliqua
816 3386 956 3451 facultate
979 3394 1101 3459 usuque

173 3515 364 3586 compereto,
388 3506 428 3569 act
449 3507 529 3569 aiios
549 3508 719 3587 scriptores
741 3506 924 3569 transiturus
947 3492 1101 3577 qnondam

841 3622 874 3675 11
