2592 4075
152 460 250 526 ierien
271 477 297 525 s.
317 475 346 524 v.
370 478 436 540 αγω
458 448 779 544 (dpopetfleynium
801 468 903 524 eenset
922 459 962 524 ad
982 460 1017 525 ΙΙ.
1039 461 1070 538 3,

153 578 214 644 stt
234 579 393 668 restituto.
426 576 510 660 quod
532 578 735 652 oblitteratum
756 586 854 654 esset,
888 578 1071 659 digammate

153 696 184 760 in
197 696 340 760 omnibus
357 693 448 757 huius
466 695 573 758 aoristi
589 692 708 773 formis,
729 710 797 775 quae
813 694 895 775 apud
906 695 1072 761 Homerum

151 815 304 897 leguntur,
329 832 351 875 α
371 825 438 876 esse
457 811 700 893 producendum,
722 814 910 894 argumentis
931 823 979 879 sat
998 832 1072 895 pro·

150 929 306 997 habilibus
334 929 514 994 ostendisse.
566 927 655 994 Putat
677 930 762 1016 ¹enim
789 939 818 993 et
844 930 932 1011 ipse,
966 932 1073 995 aoristi

151 1044 292 1124 sormam,
317 1064 348 1126 q.
367 1064 394 1111 e.
412 1036 518 1132 ἐάγην,
540 1068 563 1111 α
576 1041 692 1110 habere
709 1054 816 1110 natura
832 1033 970 1150 longum,
989 1048 1073 1130 quod

151 1164 294 1230 omnibus
320 1163 396 1229 locis
422 1161 594 1270 praeterli.
619 1161 679 1240 11,
711 1162 772 1227 359
800 1173 905 1229 eontra
932 1166 1072 1247 reguiam

150 1284 384 1382 eorreptumsit
419 1271 516 1346 Sed
490 1298 607 1359 vereor
620 1299 659 1346 ne
669 1298 761 1345 nrmrs
771 1280 915 1347 audacter
924 1283 1071 1366 Heynrus

150 1418 242 1466 unius
251 1399 314 1465 ioer
325 1398 472 1480 praesrdro
484 1395 588 1475 fretus
602 1414 656 1460 sex
666 1399 752 1462 ioeos
760 1398 959 1465 Homericos
950 1419 1073 1484 impug-

150 1520 286 1596 navarit,
318 1511 489 1598 prasertim
511 1515 611 1594 'quum
632 1514 668 1577 is*
681 1515 720 1577 sit
740 1516 837 1578 exitus
858 1516 1073 1598 disputationis

149 1636 227 1714 eius,
250 1644 283 1699 ut
298 1633 412 1716 'invitis‘
423 1633 513 1698 libris
527 1611 693 1697 'universos
709 1632 796 1696 locos
813 1635 958 1715 corrigat.
995 1633 1072 1700 Nam

151 1767 221 1833 quae
240 1735 478 1816 affert'eiusde'm
499 1750 605 1831 stirpis
626 1750 718 1814 verba
739 1748 883 1828 derivata,
905 1751 938 1815 in
960 1750 1073 1835 quibus

150 1861 322 1959 aionqum
343 1869 411 1947 sit,·
434 1849 512 1932 mibi
540 1867 663 1949 quidem
684 1883 794 1946 parum
813 1868 914 1932 valere
934 1869 1073 1934 videntur

150 1967 257 2052 eontra
279 1983 465 2051 constantem
486 1987 584 2051 usum'
596 1991 695 2067 poetae
717 1992 746 2049 et
767 2001 833 2049 eam
849 1989 947 2072 legem
969 2006 1072 2071 gram·

148 2088 350 2182 matieorum‘,
382 2114 415 2170 ut
441 2123 509 2171 aor.
531 2104 563 2171 2.
583 2107 711 2183 „brevem
739 2100 920 2189 voealem¹)
945 2105 1069 2183 haheat,

150 2216 291 2302 quse'Iex
309 2229 427 2287 tautum
447 2224 534 2305 valet,
557 2228 589 2287 ut
605 2215 696 2286 etiam
718 2222 772 2302 qui
793 2222 943 2304 syllabam
965 2232 1071 2288 natura

148 2339 270 2402 brevem
291 2339 444 2418 positione
464 2338 644 2419 productam
666 2338 801 2401 habituri
818 2345 904 2401 erant
921 2330 1070 2417 nonnulli,

148 2463 263 2520 mutato
284 2456 452 2520 litterarum
473 2455 598 2535 ordine,
629 2456 784 2519 communi
804 2456 989 2520 aoristorum
1009 2442 1082 2539 legi'

68 2652 70 2655 ι
148 2588 266 2637 morem
287 2580 410 2654 gerant,
436 2588 497 2653 quo
518 2590 691 2657 exgenere
713 2570 784 2635 sunt
805 2562 957 2656 ἔπραθον,
979 2570 1071 2655 tope-

148 2709 217 2769 κον,
237 2684 387 2774 apenos,
411 2690 475 2754 aiii.

151 2862 378 2876 m

166 2970 201 3040 ⁵)
220 2969 333 3028 ἐνένιπεν
352 2979 392 3027 est
409 2928 512 3043 impert
531 2972 646 3041 redupl„
671 2979 699 3027 ut
717 2970 835 3043 μίμηκον
854 2971 919 3041 (03.
937 2971 969 3038 9,
993 2971 1070 3043 4³9)

218 3081 269 3118 non
287 3050 413 3120 doristus.
