2592 4075
411 627 444 688 ΙΙ.
471 628 524 701 lo,
559 628 620 691 506
640 633 671 688 et
692 627 769 689 507:

171 755 366 849 Μυρμιδόνες
388 754 514 831 δἀυτυῦ
533 755 651 851 &pedor
673 763 785 843 ἵππους
807 762 1013 850 φυσιόωντας,
1040 763 1043 772 ’

110 885 112 890 ’
172 878 314 966 [εμέυυυς
334 883 524 966 φοβέεσθαι,
557 879 622 948 ἐπεὶ
644 881 733 947 λίπον
756 874 872 968 ἅρματ’
895 874 1047 951 deotmot.

214 1035 403 1116 Scripturam
414 1036 628 1114 Zenodoteam,
648 1054 739 1116 quam
756 1037 822 1099 sine
838 1039 978 1101 varietate
996 1057 1048 1101 ex-

129 1154 213 1217 hibet
232 1154 420 1233 Eustathius,
443 1153 598 1220 Bekkerus
620 1157 778 1220 revocarit.
820 1151 915 1218 Λίπευ
937 1145 1049 1236 reliqui

128 1273 250 1350 hahent,
269 1290 360 1351 quam
378 1276 569 1353 scripturam,
590 1274 661 1337 licet
670 1272 836 1358 Aristarchi
853 1289 963 1335 nomen
980 1273 1011 1336 h.
1024 1275 1047 1337 Ι.

129 1405 191 1451 nou
203 1389 334 1451 habeant
345 1389 464 1467 scholi,
481 1390 520 1453 ad
534 1388 739 1454 Aristarchum
750 1400 903 1453 auctorem
915 1388 1049 1453 referunt

127 1516 272 1587 tantaque
301 1508 462 1586 eupiditate
489 1508 671 1585 defendunt,
706 1516 737 1570 ut
763 1517 814 1570 aut
840 1523 902 1568 non
929 1507 1048 1570 videant

127 1634 179 1688 aut
198 1625 301 1687 ridere
323 1626 439 1701 nolint,
474 1645 506 1688 se
535 1625 666 1689 sormam
688 1626 850 1699 inducere,
885 1642 953 1704 quae
974 1643 1047 1688 ana·

127 1742 219 1822 iogiae
242 1750 392 1821 repugnet
413 1760 468 1806 nec
485 1744 546 1807 ulla
563 1744 738 1806 auctoritate
755 1743 958 1820 confirmetur,
981 1760 1047 1804 ver·

127 1861 298 1940 horumque
310 1861 479 1921 iuncturam
491 1861 657 1940 admittere,
675 1880 744 1943 quae
761 1870 812 1925 aut
828 1860 1046 1939 ineptissimam

128 1975 237 2043 efficiat
265 1977 441 2040 sententiam
469 1986 521 2040 aut
542 1975 641 2044 Graeci
668 1979 818 2044 sermonis
844 1976 964 2057 legibus
993 1977 1046 2042 ad·

126 2104 272 2159 versetur.
315 2093 390 2189 Nam
408 2098 530 2172 passiva
548 2094 647 2159 forma
666 2098 772 2160 aoristi
787 2096 840 2160 tui
855 2098 948 2175 verbi,
969 2116 1000 2178 q.
1018 2116 1045 2161 e.

127 2211 229 2290 λείπω,
250 2229 401 2291 nusquam
419 2222 524 2277 exstat.
567 2214 647 2277 Rara
665 2224 735 2277 sunt
751 2217 876 2277 omnino
893 2233 927 2277 ea
943 2217 1045 2293 rerba,

128 2348 196 2411 quae
218 2347 285 2394 aor.
302 2329 395 2392 idum
417 2333 544 2395 activum
567 2340 595 2394 et
616 2333 770 2411 passivum
792 2331 882 2393 simul
904 2332 1045 2409 habeant,

127 2449 207 2512 etin
229 2448 278 2510 liis
300 2448 377 2526 ipsis
389 2445 443 2530 ⁴⁸⁵),
479 2466 547 2528 quae
569 2456 729 2527 utrumque
751 2449 897 2510 aoristum
919 2430 1044 2524 habent,

126 2567 203 2630 alter
229 2573 280 2628 aut
306 2565 427 2628 incertae
455 2566 640 2629 auctoritatis
667 2574 718 2627 aut
746 2566 872 2628 serioris
899 2564 1045 2647 temporis

127 2693 181 2748 est.
235 2680 337 2763 ltadue
364 2699 426 2746 non
452 2691 563 2746 temere
585 2682 852 2759 committendum,
885 2690 917 2744 ut
937 2683 1046 2765 aunt

125 2820 209 2882 pass.
233 2802 265 2863 in
287 2800 379 2863 verbo
401 2801 508 2879 adesse
530 2811 712 2877 statuamus,
736 2801 821 2863 cuius
843 2816 909 2862 aor.
932 2799 963 2862 2.
986 2808 1044 2887 aet.

126 2917 208 2981 haud
230 2917 320 2981 dubie
341 2921 522 2998 reperiatur.
566 2918 683 2981 Deinde
703 2900 794 2979 rerba
816 2915 931 2996 duplici
951 2919 1043 2980 modo

126 3037 273 3115 iungunt:
313 3045 364 3099 aut
398 3039 478 3100 enim
510 3037 715 3101 auctoritatem
749 3033 859 3097 scholii
886 3032 923 3097 A.
951 3024 1044 3098 secuti

125 3160 263 3215 vertunt:
303 3150 420 3228 “quum
448 3171 555 3217 currus
578 3154 772 3217 dominorum
793 3151 913 3214 relictus
935 3138 1042 3229 esser,

127 3286 195 3348 quae
218 3265 382 3342 sententia,
417 3278 519 3348 utpote
541 3287 610 3351 quae
637 3270 726 3349 piena
754 3284 816 3329 non
843 3269 900 3345 sit,
934 3283 1042 3346 parum

143 3453 177 3521 *)
195 3457 261 3506 Sunt
283 3451 337 3503 haec
361 3448 433 3500 fere:
460 3441 594 3518 ἀγγέλλω,
621 3441 748 3518 βλάπτω,
776 3447 882 3517 odoro,
913 3440 1040 3518 θωμάζω,

196 3539 308 3609 odoro,
331 3529 439 3612 τμήγω,
467 3539 572 3608 τρέφω,
598 3529 697 3596 τύπτω.
