2592 4075
683 286 723 350 32

243 476 263 545 1
269 476 298 544 V
309 500 345 568 p.
367 478 497 563 iw’.
540 481 578 544 At
598 483 682 561 quod
705 483 828 545 eosdem
850 499 956 545 versus
977 482 1010 546 ii.
1032 482 1080 562 16,
1103 484 1164 548 936

241 600 304 680 legi
329 599 420 677 dicit,
453 599 487 662 ui
511 613 615 662 verum
643 616 704 663 nou
727 607 792 677 est3
826 615 894 663 nam
917 601 963 663 ibi
982 618 1040 680 uro
1062 592 1166 684 πάρος

243 719 355 798 legium
377 717 465 795 ἔπος,
489 717 572 797 qnod
593 717 757 781 discrimen
778 726 823 780 est
844 719 1073 799 gravissimum
1095 722 1165 782 inn-

243 834 345 916 genda
371 836 452 897 enim
480 844 550 898 snut
574 825 636 918 ἤδη
663 831 741 898 ποτὲ
766 825 869 918 πάρος
899 831 996 898 sehon
1027 833 1167 903 atomon

243 949 358 1036 further
374 948 573 1035 (Naegelsb.)
587 949 643 1015 cir.
656 952 833 1016 Ktthuerum
850 953 943 1028 §690
954 973 983 1018 a.
995 954 1027 1018 4.
1071 954 1166 1036 Quod

244 1070 375 1149 denique
408 1070 561 1150 vulgatum
592 1069 749 1132 molestius
781 1087 817 1132 eo
849 1072 914 1134 fieri
942 1080 1047 1150 putat,
1082 1072 1166 1152 quod

242 1180 306 1274 ἤδη
327 1188 379 1253 νῦν
401 1186 482 1250 inira
499 1187 627 1267 legatur,
652 1203 751 1266 neque
772 1188 850 1251 hane
871 1189 1041 1251 molestiam
1062 1205 1166 1252 seuse-

243 1303 315 1370 runt
334 1314 458 1382 veteres,
481 1311 510 1367 et
530 1304 595 1366 hoec
616 1304 694 1365 ratio
712 1306 852 1369 universa
873 1324 911 1369 ex
931 1306 1166 1370 inconcinnitate

243 1427 306 1488 sive
326 1441 397 1486 vera
418 1423 480 1485 sire
503 1421 627 1501 opinata
655 1418 888 1502 argumentandi
910 1422 1099 1498 perulifiieiiis
1121 1434 1167 1487 est

242 1550 272 1605 et
292 1543 417 1605 incerta.
461 1538 540 1619 Qnae
561 1554 657 1617 qurum
677 1537 720 1600 ita
742 1539 816 1614 sirit,
844 1538 1025 1617 scripturum
1045 1541 1163 1619 Woini,

243 1677 336 1741 quam
357 1666 477 1721 tuentur
497 1655 587 1731 iibri,
611 1655 825 1719 restituendam
847 1674 965 1720 censeo.

599 1863 802 1876 ——nu-n—

666 2017 739 2116 12.

244 2192 486 2268 oo.17,313;
522 2194 680 2267 11,5ot;
713 2193 746 2256 lt.
769 2195 824 2269 22,
847 2196 908 2270 413
943 2195 1003 2256 od.
1026 2200 1062 2272 4,
1087 2199 1164 2275 314;

595 2308 629 2373 11.
651 2311 706 2385 io,
734 2310 805 2372 207.

326 2476 431 2558 Quum
461 2494 524 2540 uou
555 2478 741 2556 reperirem,
776 2479 829 2557 qni
861 2486 940 2541 recte
972 2489 1001 2542 et
1031 2480 1164 2544 diincide
1280 2492 1281 2553 t

242 2595 454 2674 exposuisset,
488 2590 562 2673 quid
588 2596 746 2658 interesset
772 2597 850 2658 inter
877 2604 964 2671 τοῖος
991 2604 1019 2658 et
1038 2585 1165 2660 τοιόσδε

242 2713 422 2793 iniqueque
450 2710 584 2774 eiusdem
612 2714 741 2792 generis*
762 2715 946 2793 pronomina
970 2721 999 2775 et
1019 2714 1164 2777 adiectiva

242 2832 490 2911 pronominatur,
524 2831 627 2910 qualia
648 2820 758 2893 sunt&
788 2820 861 2913 (ὅς,
895 2814 1003 2912 οὗτος)
1036 2839 1065 2893 et
1094 2822 1165 2910 ὅδε,

241 2937 337 3023 τόσος
359 2944 543 3030 (τοσοῦτος)
566 2956 595 3010 ct
614 2936 763 3023 τοσόσδε,
791 2942 922 3029 τηλίκος
942 2943 1164 3030 (τηλικοῦτος)

242 3073 271 3127 et
296 3055 485 3147 τηλικόσδε,
518 3075 546 3129 et
576 3065 667 3128 huius
699 3064 884 3128 discriminis
912 3064 1104 3144 ignoratione
1131 3065 1163 3125 iu

242 3180 460 3246 nouuuliorirm
486 3184 625 3247 iocorum
653 3185 804 3263 scriptura
831 3188 987 3262 peccatum
1012 3180 1163 3257 viderem,

242 3317 304 3385 nou
327 3301 463 3363 inutilem
484 3300 620 3364 laborem
643 3288 841 3381 suscepturus
863 3299 939 3361 mihi
959 3297 1103 3374 videbar,
1137 3298 1164 3359 si

242 3417 353 3495 horum
386 3419 603 3485 vocabulorum
636 3436 726 3483 usum
758 3418 840 3499 apud
869 3417 1034 3481 Homerum
1059 3431 1165 3494 perse-

244 3553 363 3614 querer.
409 3535 485 3600 Nam
507 3537 575 3599 licet
597 3547 768 3616 temporum
797 3535 926 3601 decursu
946 3553 966 3597 u
988 3535 1115 3614 propria
1138 3543 1165 3596 et
