2592 4075
674 272 713 336 ta

233 470 437 549 recentiores,
467 485 653 549 quamquam
676 455 761 553 αὐτῇ
781 469 859 550 (pro
883 455 966 557 αότή
987 469 1153 550 scriptum]

233 590 370 674 quemuis
397 586 551 652 offendere
578 586 707 651 debebat
727 585 881 652 Homerici
906 586 1054 668 loquendi
1080 604 1155 651 usus

232 708 364 789 peritum
380 714 408 769 et
425 705 464 770 ad
480 707 542 770 loci
559 706 738 770 sententiam
750 707 963 772 attendentem.
1006 705 1155 768 Emenda-

232 825 346 889 tionem
367 824 546 887 coniinnant
567 823 675 887 scholi.
694 822 729 888 B.
748 823 790 905 Q.
810 822 916 890 Λείπει
936 816 986 903 τὸ,
1006 819 1060 886 ἵνα
1077 813 1154 903 βαλ·

231 944 333 1026 lupen
349 932 395 1005 τοὶ
412 939 500 1023 δῶρα
515 939 578 1004 cuir
591 930 757 1005 nociaco
770 937 828 1005 >tul
846 928 928 1025 αι’τή
944 937 980 1004 δὲ
997 930 1156 1024 πρόσφερε
1274 1011 1277 1022 Ι

231 1051 270 1123 τδ
298 1059 402 1141 φᾶρος
428 1078 457 1122 κ.
478 1079 507 1122 τ.
528 1059 555 1121 λ.
598 1057 634 1121 Ει
659 1059 790 1122 maxime
816 1059 933 1137 miror,
966 1057 1153 1135 Bellienum,

234 1192 328 1257 quum
348 1173 429 1239 inira
450 1192 478 1238 r.
498 1173 661 1239 ilirecte
684 1160 767 1259 αὖε-ι’
787 1178 973 1256 reposuerit,
996 1177 1156 1256 inpriore

232 1294 323 1370 loco,
356 1293 413 1371 qui
443 1309 506 1355 non
538 1294 639 1356 minus
671 1292 881 1356 emendatione
910 1295 1037 1377 egebat,
1072 1280 1157 1377 αότῄ
1231 1301 1245 1378 p

233 1410 407 1504 reliquisse.
1096 1423 1098 1430 ·

595 1621 796 1632 ——a-

674 1759 717 1828 8.

514 1914 574 1978 od.
598 1914 637 1989 8,
671 1912 731 1976 570
753 1912 781 1973 du
803 1913 873 1976 571.
919 1907 922 1914 ⁴

554 2062 598 2133 τοὶ
620 2068 656 2133 δέ
675 2089 728 2131 κεν
749 2062 830 2144 θεὸς
849 2063 872 2153 ἢ
892 2066 1044 2132 τελέσειεν

293 2172 507 2271 ἤκόἷτέλεστ’
529 2184 594 2270 εἴη,
623 2176 666 2259 ὅς
688 2181 720 2248 ol
740 2182 829 2268 φιλον
853 2184 963 2248 ἔπλετο
988 2184 1092 2273 θυμῷ.

317 2351 511 2435 Quicumque
527 2353 740 2433 superioribus
755 2351 916 2433 diligenter
927 2351 1066 2431 perlectis
1077 2350 1153 2413 loci-

233 2485 292 2548 que
313 2472 459 2534 sententia
481 2480 618 2535 accurate
640 2479 783 2550 percepta
804 2468 844 2532 ad
865 2470 922 2531 hos
943 2485 1049 2531 versus
1067 2484 1154 2530 reue

232 2586 281 2661 rit,
301 2588 495 2665 contrarium,
508 2597 598 2668 atque
610 2594 834 2667 exspectaverat
845 2585 1068 2665 dicendumque
1078 2594 1152 2663 erat,

233 2703 344 2767 dictum
370 2705 521 2783 inueniet;
555 2721 639 2782 nam,
670 2704 707 2767 de
729 2720 847 2767 summa
868 2703 999 2783 Neptuni
1020 2704 1154 2783 potentia

232 2822 469 2901 praedicaturus,
492 2825 533 2886 ita
554 2823 690 2903 loquitur
711 2830 816 2902 poeta,
840 2829 871 2883 ut
891 2821 982 2883 verba
1004 2822 1068 2883 eius
1091 2837 1154 2883 non

232 2940 333 3001 minus
371 2941 401 3001 in
434 2941 651 3003 homunculum
684 2938 969 3020 impotentissimnm
990 2951 1154 3017 quemque

232 3057 420 3119 conveniant.
474 3057 579 3138 Neque
611 3060 691 3121 enim
725 3058 889 3138 quisquam
916 3053 993 3116 adeo
1021 3071 1082 3117 non
1110 3061 1155 3116 est

232 3181 350 3252 potens,
374 3174 448 3252 quin
469 3174 529 3238 hoc
551 3184 629 3239 certe
652 3176 689 3239 de
710 3191 746 3238 eo
764 3174 939 3254 promittere
955 3172 1052 3247 liceat,
1075 3168 1152 3245 fore,

233 3300 274 3370 ut,
292 3307 360 3385 quae
376 3294 507 3356 minatus
520 3302 577 3371 ¹est,
601 3301 652 3356 aut
667 3291 758 3357 iaciat
772 3300 823 3355 aut
836 3288 944 3355 inlecta
957 3290 1026 3351 sint.
1069 3285 1154 3350 lianc

233 3408 502 3477 contradictionem
532 3419 565 3475 ut
595 3411 702 3474 tollant
727 3428 782 3487 ea,
817 3426 885 3488 quoa
914 3412 1082 3484 sequumur
1111 3435 1155 3451 -
1242 3430 1246 3439 ·

233 3516 276 3602 ὥς
297 3523 438 3611 cipitur
460 3525 570 3591 ἔπλετο
596 3524 694 3615 θυμῷ
724 3559 765 3572 -
795 3534 910 3590 tanturn
930 3525 1035 3602 abest,
1067 3530 1102 3587 ut
1121 3523 1154 3586 iu
