2592 4075
356 309 455 322 -=···=
491 309 512 326 :¹
547 275 740 342 *wewam-t
813 309 817 316 ·
915 311 920 320 ·

210 472 263 549 qui
294 472 326 533 in
359 486 415 533 suo
448 471 578 550 quisque
607 488 719 552 geuene
745 472 901 551 principes
929 471 1128 547 exstitissent,

210 588 475 667 recognoscendos
514 596 542 651 et
577 589 774 653 illustrandos
811 591 899 670 quasi
932 590 1065 652 certatim
1097 605 1131 650 se

210 702 396 783 conseruent,
421 705 474 786 qui
495 705 632 770 doctrina
655 715 683 770 et
704 708 828 788 iugenio
850 706 981 770 maxime
1002 714 1131 785 puaesta-

210 822 292 886 bant.

293 941 335 1004 lta
357 938 467 1004 fantum
489 947 553 1017 est,
588 948 618 1002 ut
645 957 812 1020 numquam
834 940 991 1016 deessent,
1025 939 1130 1018 quiin

211 1058 396 1121 carminibus
418 1056 586 1120 Homericis
611 1057 736 1120 edendis
757 1056 1006 1136 explicandisque
1027 1057 1131 1119 elabo-

210 1182 322 1237 rarent.
370 1172 445 1235 Nam
478 1179 539 1237 sive
575 1176 733 1254 scriptoris
765 1176 920 1256 ingenium
949 1174 1132 1237 mutionisve

211 1293 333 1354 vnmtes
355 1297 548 1370 spectantur,
582 1292 631 1355 liin
659 1293 765 1355 cetenis
787 1293 929 1355 omnibus
950 1291 1027 1354 adeo
1049 1300 1131 1355 ante-

212 1408 300 1483 cellit,
323 1415 355 1470 ut
375 1405 482 1469 laudes
502 1410 639 1472 aemulati
660 1425 753 1472 ausus
774 1408 814 1471 sit
831 1425 938 1486 nemo,
961 1409 1055 1487 iique,
1078 1410 1132 1488 qui

213 1526 243 1586 iu
270 1523 375 1586 eodem
408 1539 519 1603 geuene
546 1526 795 1602 elaboraturum,
826 1526 868 1587 itu
889 1526 1134 1604 piaestantissimi

213 1640 391 1714 indicentem,
416 1642 587 1721 utquisque
602 1642 1133 1722 adhuiussimilitudinemproxime

213 1756 355 1822 addudere
366 1756 518 1834 niueum-3
541 1760 602 1821 sive
621 1768 772 1822 momenta
790 1759 998 1837 ponderemur
1014 1777 1131 1835 eorum,

214 1891 284 1953 quae
309 1873 348 1936 ad
375 1874 605 1953 condicionem,
636 1879 728 1940 uitam
758 1894 920 1956 monesque
946 1877 1132 1955 antiquitatis

213 1989 391 2063 illustranda
413 1994 579 2073 portinent,
616 2013 653 2059 ne
675 1995 734 2059 lton
757 1994 879 2075 quidem
900 1995 967 2057 loeo
991 1994 1132 2073 cuiquam

214 2124 330 2186 nouom,
354 2110 455 2189 quiin
472 2111 536 2173 ullo
552 2130 667 2191 genere
682 2114 775 2193 puimi
790 2123 872 2190 sunt,-
892 2110 1131 2192 posthabendos.

215 2225 291 2291 Num
311 2227 338 2288 si
360 2227 470 2305 reliqui
499 2246 641 2309 magnam
669 2231 825 2297 utilitatem
845 2230 954 2294 adeum
974 2237 1056 2292 necte
1075 2245 1133 2307 ptu-

216 2353 329 2421 iantuu,
364 2348 389 2407 si
411 2346 472 2425 qui.
485 2362 542 2425 pen
560 2347 683 2421 baudus
709 2349 878 2429 lonqinsvei
895 2347 1043 2426 temporis
1062 2363 1134 2426 spa-

216 2463 289 2525 tium
311 2479 402 2527 uuam
424 2463 560 2542 aliquam
579 2473 633 2528 aut
652 2483 765 2544 paucas
786 2465 1011 2528 humaumtitee
1032 2471 1134 2542 partes
1166 2502 1176 2515 -

217 2579 458 2656 illuminaverunt,
473 2636 477 2643 .
494 2597 668 2660 magnoque
693 2581 723 2643 in
746 2581 865 2643 honore
885 2590 956 2645 sunt
975 2582 1132 2660 permulti,

217 2698 270 2776 qui
295 2705 359 2760 aut·
372 2710 420 2760 nes
448 2696 531 2760 domi
557 2698 690 2777 hellique
717 2708 818 2779 gestas
846 2699 1000 2762 memoniae
1013 2732 1014 2739 κ
1028 2698 1135 2777 prodi·

217 2813 345 2890 denunt,
379 2823 429 2879 aut
456 2815 553 2877 urbes
574 2817 777 2896 legionesque
805 2816 1051 2895 desonipseuuni,
1084 2824 1137 2879 aut

219 2932 627 3011 rerumpublicauumslatus,
646 2933 927 3008 moneslnominum,
948 2932 1046 2996 cultus
1062 2933 1134 2995 doo-

218 3065 284 3111 uum
311 3049 417 3113 litteris
444 3048 681 3126 mandaverunt,
714 3050 845 3130 denique
874 3051 929 3130 qui
955 3051 1019 3114 ulla
1042 3052 1074 3112 in
1101 3065 1135 3111 ne

96 3200 100 3209 ·
218 3163 339 3228 illorum
350 3173 523 3245 tempotum
540 3167 744 3246 ooqnitionem
756 3168 954 3237 adiuvandum
971 3165 1136 3248 qoihonon

218 3285 291 3346 satis
317 3298 448 3364 magnus
462 3292 572 3361 npoetm
600 3283 707 3361 liabeni
738 3294 857 3364 polest,
891 3287 944 3366 qui
967 3280 1136 3362 putenam

219 3396 333 3465 Gnaeem
364 3402 472 3479 gentio
495 3399 719 3467 adnleseentia·
741 3403 904 3482 imaginem
934 3401 1137 3478 ommiumque

220 3517 352 3593 numerio
374 3516 543 3581 absolutam
568 3517 653 3580 solus
676 3522 834 3598 expressit.
878 3518 1000 3599 Quodsi
1017 3514 1136 3580 dimotus
