2592 4075
133 1258 275 1401 Quum,
303 1322 424 1389 magnae
459 1306 501 1369 sit
541 1305 710 1386 prodentia
752 1321 934 1389 magnaeque
969 1322 1051 1369 curae

15 1450 17 1456 ·
131 1422 230 1498 libros
261 1432 394 1486 veterum
426 1424 610 1502 scriptorum
642 1425 804 1488 emendare
835 1433 864 1487 et
891 1440 1049 1500 enarrare,

22 1603 24 1614 ,
132 1538 191 1602 hoc
211 1555 322 1601 munus
344 1541 397 1619 qui
417 1542 607 1619 profitentur,
631 1555 852 1619 quemcumque
871 1541 1051 1618 scriptorem

22 1739 25 1748 Ι
131 1656 350 1718 recensendum
385 1666 437 1720 aut
473 1656 731 1736 interpretandum
767 1664 985 1735 susceperunt,
1024 1656 1051 1718 si

131 1772 225 1835 modo
257 1781 336 1836 recte
368 1783 396 1836 et
426 1775 555 1840 ratione*
568 1773 722 1849 iecerunt,
755 1787 898 1855 magnam
929 1773 1057 1837 laudem

23 1881 25 1930 t
61 1931 63 1937 ·
132 1895 379 1970 eamque'prope
399 1909 505 1971 parem
529 1893 677 1954 meruisse
698 1892 846 1956 uidentur.
890 1890 950 1957 Sed
973 1910 1050 1973 quo·

131 2008 213 2071 niam
235 2017 362 2088 utraque
384 2025 435 2072 ars
457 2026 518 2073 non
540 2010 639 2074 solum
651 2028 715 2091 ⁴per
726 2028 763 2074 se
777 2010 976 2091 ponderanda
994 2020 1048 2089 est,

21 2158 24 2169 =
131 2124 185 2187 sed
206 2126 295 2188 etiam
316 2126 375 2189 hoc
396 2126 486 2189 habet
502 2131 655 2207 momenti,
680 2129 763 2208 quod
780 2145 842 2191 non
860 2131 919 2191 nisi
936 2128 1049 2208 apertis

22 2254 25 2265 ·
131 2251 160 2304 et
179 2244 317 2323 purgatis
344 2241 479 2306 fontibus
508 2244 546 2306 ad
568 2246 691 2323 plenam
718 2254 746 2308 ot
766 2254 936 2308 accuratam
957 2247 1050 2308 totius
1080 2299 1084 2307 ,

130 2360 316 2437 antiquitatis
353 2362 557 2440 cognitionem
593 2363 746 2442 perveniri
778 2370 895 2439 potest,
933 2363 1050 2424 maioro

99 2518 108 2527 ,
131 2474 265 2554 quodam
286 2492 354 2538 eum
371 2474 470 2541 fromn
487 2474 595 2540 fecisse
610 2480 804 2543 existimandi
824 2487 894 2542 sunt
914 2488 943 2541 et
960 2480 1049 2558 qnasi

130 2593 328 2655 cumulatiore
344 2593 526 2671 commode,
550 2598 602 2673 qui
614 2599 645 2659 in
657 2598 823 2661 litterarum
834 2598 1046 2676 monumentis,

132 2725 200 2786 quae
215 2718 266 2772 ant
281 2711 440 2788 scriptoris
456 2712 557 2775 indole
573 2716 757 2778 orationisve
767 2716 926 2778 virtutibus
937 2723 1048 2793 prater

23 2806 26 2833 '
132 2831 227 2888 cetera
255 2828 522 2908 commendantur,
556 2840 607 2894 aut
638 2832 731 2894 rebus
762 2841 791 2894 et
821 2833 976 2896 sententiis
1007 2831 1047 2895 ad

130 2948 228 3016 vetera
258 2943 310 3006 illa
341 2952 478 3025 tempora
509 2948 688 3012 illustranda
719 2950 850 3012 maximo
880 2950 1044 3028 pertinent,

130 3057 320 3122 recensendis
341 3072 392 3127 ant
412 3065 590 3128 enarrandis
612 3083 738 3146 operam
760 3067 991 3130 collocaverunt.

210 3175 276 3241 Hoc
298 3194 389 3254 quum
411 3199 467 3260 per
488 3200 520 3245 se
536 3192 648 3262 pateat,
668 3193 732 3247 tum
749 3184 776 3246 si
790 3201 809 3247 a
825 3187 934 3265 primis
949 3187 1045 3248 initiis

24 3352 28 3369 ,
127 3293 201 3356 artis
223 3297 426 3374 grammatica
448 3301 584 3363 omnium
606 3311 778 3381 temporum
794 3303 974 3366 memoriam
996 3320 1044 3364 re-

126 3412 277 3491 petimus,
311 3413 467 3478 doctorum
488 3417 647 3481 hominnm
669 3431 820 3483 consensu
840 3421 881 3484 ita
902 3435 1044 3498 compro-

127 3528 229 3593 batum
251 3533 458 3611 reperiemus,
491 3544 523 3597 ut
543 3535 582 3599 ad
604 3553 657 3600 eos
684 3536 848 3617 scriptores
873 3547 901 3602 et
922 3545 1041 3618 poetas,

802 3659 815 3708 t
