2592 4075
547 233 670 372 o

541 466 587 536 ὅ.

212 621 216 632 ·
304 611 309 618 ’
409 620 727 700 n.11,eenroo.

190 789 264 852 Rem
285 788 434 854 lubricam
455 798 485 852 et
502 789 708 869 periculosam
728 786 863 866 incipere
881 785 1027 863 ridemur,

1 922 2 929 ¹
108 907 388 985 interpretationem
418 906 479 969 loci
510 907 671 983 tentaturi,
705 923 799 988 quarn
829 905 1031 984 interpretum

1 1078 2 1083 ,
110 1041 277 1088 consensus
309 1034 337 1087 et
368 1026 570 1087 recentiorum
602 1024 786 1104 scriptorum
819 1040 892 1086 usus
921 1022 1030 1086 conflr-

110 1142 210 1204 mavit.
253 1142 285 1204 ln
309 1160 369 1222 quo
393 1139 515 1206 fortuna
536 1143 649 1206 utimur
670 1142 728 1204 lroo
750 1142 917 1221 iniquiore,
948 1140 1031 1220 quod

111 1274 148 1321 ne
169 1268 231 1323 tum
252 1259 375 1340 quidem
397 1276 523 1340 sperare
543 1260 621 1336 licet,
644 1257 722 1337 fore,
745 1267 778 1322 ut
797 1259 907 1322 veritas
928 1275 1030 1322 ernen-

1 1362 2 1371 ’
109 1374 241 1439 dationis
263 1385 374 1440 nostrae
397 1377 539 1438 omnibus
561 1376 796 1455 persuadeatur,
831 1392 925 1455 quum
947 1382 1031 1453 pate-

1 1488 2 1493 ’
109 1490 196 1556 lactis
216 1502 245 1556 et
260 1495 435 1556 monstratis
452 1493 646 1571 superiorum
665 1492 861 1570 interpretum
873 1492 1030 1553 erroribus
1072 1545 1075 1552 .

108 1619 245 1673 nostram
272 1610 448 1672 sententiam
477 1609 567 1672 claris
597 1617 625 1671 et
653 1607 822 1670 illustribus
843 1607 1031 1688 argumentis

107 1724 350 1806 probaverimus.
393 1724 469 1790 Nam
491 1727 572 1790 haud
594 1728 675 1804 scio,
702 1744 741 1789 an
763 1727 831 1806 ipsa
852 1725 1031 1805 simplicitas

109 1849 139 1903 et
158 1841 360 1926 perspicuitas
386 1843 589 1908 emendationi
616 1843 768 1908 interdum
795 1843 883 1918 iidem
906 1843 1035 1926 deroget

109 1960 280 2039 praesertim
316 1960 347 2021 in
385 1969 466 2026 tanta
504 1960 744 2026 dissentientium
783 1959 972 2024 multitudine
1005 1969 1034 2023 et

109 2079 305 2155 auctoritate,
340 2096 433 2159 qtrum
465 2080 516 2143 vix
543 2081 680 2144 videatur
711 2081 777 2143 lieri
809 2079 964 2159 potuisse,
1000 2085 1034 2141 ut

109 2193 231 2271 eadem,
265 2196 292 2257 si
313 2213 383 2259 vera
404 2207 520 2274 essent,
554 2216 616 2261 non
638 2198 774 2262 riderent
795 2197 908 2261 etalii.
952 2193 1032 2276 Quae

110 2328 204 2391 quum
232 2315 272 2375 ita
294 2314 373 2389 sint,
406 2314 466 2377 hoc
493 2317 623 2379 manime
652 2325 779 2401 rogatos
806 2314 933 2378 velimus
961 2328 1029 2389 eos,

110 2429 163 2511 qni
192 2429 256 2505 haec
285 2430 414 2517 legent,¹
439 2439 470 2493 ut
496 2449 667 2511 memores,
701 2448 793 2512 quam
822 2431 1032 2512 superstitiose

110 2546 227 2613 traditis
256 2547 509 2627 explicationibus
537 2549 721 2614 adhaeserint
742 2552 941 2629 interpretes,
974 2549 1030 2627 iis,

110 2680 178 2741 quae
190 2664 453 2745 disputaverimus,
477 2666 638 2748 diligenter
650 2668 839 2743 examinatis,
860 2666 900 2728 ita
911 2665 1033 2731 demum

1 2799 2 2818 ν
111 2777 150 2841 de
171 2782 291 2845 ueritate
313 2784 532 2847 emendationis
555 2794 667 2848 nostrae
689 2784 835 2848 iudicium
857 2780 979 2846 faciant

192 2896 293 2962 Verba
315 2910 385 2963 sunt
405 2901 439 2964 ll.
465 2900 519 2979 11,
542 2899 703 2964 99-100:

1 3013 2 3028 ¹
109 3008 166 3085 καὶ
186 3005 261 3088 τούς
283 3011 338 3098 μὲν
359 3014 445 3085 λίπεν
469 3004 548 3082 αὖθι
571 3006 653 3096 ἅναξ
678 3004 799 3100 ἀνδρῶν
820 3003 1031 3101 Ἀγαμέμνων,

111 3120 247 3215 στήθεα
269 3131 531 3218 παμφαίνοντας,
553 3133 619 3198 ἐπεὶ
639 3131 784 3217 περίδυσε
803 3135 950 3220 χιτῶνας.

193 3248 340 3330 Heynius,
355 3252 561 3337 auctoritatem
573 3262 693 3316 secutus
704 3251 850 3316 Eustatlrii
862 3262 891 3315 et
901 3253 1033 3325 scholia·

112 3376 237 3447 starum,
259 3369 299 3431 ita
320 3369 419 3451 vertit:
442 3366 486 3433 Et
506 3365 561 3433 hos
585 3367 712 3455 quidem
733 3366 864 3456 reliquit
885 3366 953 3433 itttc
972 3387 1033 3431 reae

111 3482 255 3549 dirorum
270 3468 518 3570 ‘agamemnon
546 3497 679 3572 pectora
702 3485 847 3569 sortitura
875 3483 1030 3565 nodulos,
