2592 4075
585 254 630 317 35,

234 452 373 531 lienique
395 438 505 532 ἄρκιος
527 446 596 530 βίος
619 449 669 516 bie
690 447 804 530 iegitur
823 447 901 528 [tut
924 449 1070 528 audiit}

151 570 235 653 quud
259 569 458 633 Buttmannus
486 575 600 630 remum
625 568 737 634 uintum
769 568 942 649 significare
955 578 1069 649 nutat,

152 689 219 753 iieet
233 689 324 751 etiam
340 685 465 748 aiteram
481 685 759 765 interpretationem
776 680 947 766 (sufficiens
960 682 1072 769 rietus)

150 804 349 884 arrianae,
372 802 504 882 ingenue
524 799 663 865 fateatur.
707 799 747 864 At
766 802 853 870 harre
866 804 954 872 unice
969 819 1072 866 reram

149 940 228 1001 esse,
253 921 410 1001 utriusque
425 919 485 983 luci
502 928 658 986 contextus
675 920 815 998 ostendit,
838 923 978 998 maxima,
995 938 1072 1001 ⁴qim

148 1040 257 1122 priore
286 1039 354 1102 luen
386 1037 587 1115 antecedunt,
619 1038 754 1120 χρηίζων
786 1028 904 1118 dedente
931 1046 961 1101 et
988 1025 1071 1121 1ιίνὴρ

149 1153 350 1240 κεχρημένος.
415 1154 451 1217 Et
482 1153 522 1217 de
551 1155 712 1224 Hesiedeis
743 1157 868 1237 quidem
898 1154 975 1218 lueis
1007 1153 1073 1217 haee

150 1271 310 1337 suffitiant.

243 1387 451 1453 Consentienti
484 1388 687 1453 recentiorum
717 1396 877 1468 poetarum
909 1389 978 1452 usui
1010 1406 1072 1452 nan

149 1515 265 1571 tanturn
286 1506 403 1582 tribuo,
432 1515 464 1569 ut
484 1505 523 1570 ad
544 1522 642 1569 meam
665 1507 811 1568 rationem
833 1505 1072 1569 confirmandam

149 1623 221 1687 inde
253 1633 465 1703 argumentum
498 1632 598 1703 petam
609 1642 620 1700 ;
657 1622 846 1686 dissentienti
876 1627 934 1686 usu
966 1640 1072 1686 earnm

150 1757 237 1803 suam
258 1741 407 1802 rationem
428 1741 551 1817 muniri,
574 1757 690 1817 uereor,
715 1758 752 1804 ne
773 1741 866 1804 nimie
886 1740 997 1821 cupide
1013 1749 1072 1805 sta-

149 1859 239 1921 tuerit
259 1856 470 1920 Buttmannns.

234 1974 380 2040 Venimus
408 1973 448 2038 ad
473 1973 560 2039 loeus
582 1972 773 2039 Homericos.
815 1972 878 2039 iam
903 1975 986 2056 apud
1012 1973 1073 2039 He-

150 2092 273 2159 siodum
294 2092 444 2170 vidimus,
478 2091 554 2172 quid
582 2101 662 2158 esset
682 2082 799 2174 μισθὸς
820 2082 937 2176 ἄρκιος.
990 2092 1074 2169 ldeur

150 2210 234 2291 apud
255 2211 421 2275 Homerum
448 2210 496 2273 bis
522 2210 635 2291 iegitur
658 2213 719 2286 ita,
754 2219 786 2273 ut
805 2226 921 2273 mer-nes
943 2217 1074 2289 utraque

150 2329 220 2393 tucn
241 2327 353 2409 diserte
375 2326 558 2389 nominetur.
612 2325 716 2391 Altero
737 2324 817 2407 (Od.
841 2324 895 2405 18,
929 2325 1007 2408 358)
1030 2334 1075 2389 est

149 2448 245 2512 rietus
271 2455 300 2508 et
320 2446 417 2510 auitns
438 2442 591 2520 literatis,
620 2445 715 2509 alteru
739 2445 792 2523 (ii
816 2442 869 2521 10,
899 2442 979 2521 30⁴]
1001 2442 1074 2523 equi

150 2564 291 2629 Achillia
342 2561 398 2627 Hie
424 2562 513 2627 etiam
539 2543 758 2625 Buttmannns:
792 2560 898 2627 “certa
922 2559 1072 2643 merreass’.

150 2679 189 2745 dt
207 2691 320 2751 uertunt
339 2680 508 2747 mercedem
528 2695 592 2743 uun
613 2680 707 2743 modu
730 2681 757 2743 is
778 2680 888 2756 habet,
924 2680 979 2759 qui
997 2678 1074 2742 tine-

150 2799 255 2863 raiiter
271 2800 362 2863 alitur
374 2796 554 2873 etrestitur;
577 2796 746 2860 mercedem
764 2797 938 2860 nunminus
950 2805 1072 2872 certam

152 2916 290 2995 utramvis
311 2916 470 2996 exiguam,
494 2913 584 2977 habet
605 2931 745 2993 persaepe
765 2914 812 2976 rel
834 2915 878 2991 is,
908 2915 961 2993 qui
983 2914 1075 2977 seruit
1187 2928 1188 2933 ’

194 3018 284 3114 daupi
302 3019 376 3113 παρ’
399 3017 545 3114 ἀκλήρῳ,
576 3013 602 3117 ιᾷ
623 3017 658 3094 ου’
682 3030 787 3112 βίοτος
807 3021 906 3106 πολύς
926 3028 999 3094 ἐστι

234 3146 355 3228 Quaerit
382 3148 414 3210 in
442 3147 537 3211 alteru
565 3147 634 3210 luen
662 3146 882 3222 Burmannus,
917 3148 1073 3227 quomode

151 3283 266 3330 merces
285 3266 418 3346 primum
435 3282 547 3346 magna
565 3265 626 3331 diei
644 3267 752 3344 possit,
775 3264 884 3329 deiude
902 3263 1073 3341 sufficiensr

102 3382 108 3421 ¹
152 3402 262 3464 quare
279 3382 355 3446 nihii
372 3381 513 3461 expeditu
532 3383 666 3462 planius
700 3382 878 3462 Magnitudo
896 3383 976 3444 eninr
993 3399 1073 3444 mer-

152 3501 233 3564 cedis
255 3500 460 3565 numerario
483 3499 621 3562 absolute
642 3499 804 3575 indicatur,
827 3499 948 3562 relative
966 3498 1072 3562 alteru.

828 3622 846 3671 5
