2592 4075
631 273 649 335 t

182 486 268 550 saepe
282 468 427 533 ¹ridemus
458 470 638 548 interpretas
670 466 855 548 quotidianae
883 467 948 530 rita
976 468 1103 532 rationis

179 587 223 651 ‘ila
242 587 551 664 oblitos,‘.nt.ctiam
578 587 610 648 in
638 586 677 648 iis
702 585 814 662 relos,
850 595 918 665 quac
939 583 1103 648 alintima

182 713 289 770 natura
321 704 459 770 lnimana
483 701 632 782 profectae
664 702 748 766 nollo
773 711 946 781 ternporom
977 709 1032 765 nce
1059 701 1107 764 lo-

181 833 290 887 oootnn
328 821 498 884 diversitate
529 825 702 895 matonam,
741 838 759 882 a
791 819 970 898 planissima
1008 827 1105 898 poetae

181 940 330 1003 sententia
350 938 542 1015 aberrarent,
577 956 638 1018 quo
668 937 820 999 societatis
845 936 1104 1000 vinariossuotato

183 1055 295 1120 lactum
326 1064 389 1133 est,
424 1062 455 1116 nt
485 1055 524 1117 ab
557 1056 609 1118 illa
638 1052 860 1129 familiaritate,
897 1070 989 1132 qnam
1016 1054 1105 1116 ctiam

179 1189 253 1270 xepm
290 1174 329 1235 iis
368 1170 568 1264 sor-iptor·ilrns
606 1172 704 1263 nostri
720 1172 909 1260 l‘temporisl,
926 1170 1103 1252 contrahere

178 1289 336 1367 sotacus,
350 1289 630 1368 qa01·u1aflcotione
644 1305 710 1358 noo
731 1288 791 1356 nisi
812 1288 989 1352 prontissima
1010 1289 1105 1350 animi

184 1406 344 1471 oblectatio
365 1408 520 1486 qnaritntt
539 1407 654 1470 mum
672 1408 707 1469 in
714 1406 840 1470 motlnrn
851 1403 1104 1468 abalienarcntur.

185 1523 282 1588 Huius
314 1522 420 1587 indicii
450 1517 603 1586 relltatem
636 1497 793 1603 exemplis
814 1497 993 1587 confirmare
1026 1538 1106 1583 nnnc

186 1657 249 1703 non
271 1648 317 1702 est
337 1641 498 1716 inanimo,
520 1641 690 1718 praesertim
710 1657 803 1720 quom
820 1657 882 1702 non
899 1655 997 1718 panca
1015 1638 1106 1700 huius

187 1745 232 1819 rei
253 1755 431 1820 documenta
453 1757 624 1821 contineant
644 1777 690 1836 ea,
715 1776 783 1838 qna
805 1756 885 1821 infra
907 1756 1106 1835 disputabun-

186 1882 245 1937 tur.
300 1871 440 1937 Ceterum
471 1877 706 1955 uno-exemplo
743 1876 942 1957 significabo,
983 1873 1105 1952 quinam

185 2007 306 2055 errores
338 1991 414 2054 milri
446 1989 505 2056 lroc
536 1993 568 2054 in
594 2009 707 2072 genere
732 1993 819 2055 venia
845 1992 975 2055 maxime
1002 2006 1107 2053 carere

186 2110 353 2185 videantur,
376 2108 470 2188 qnod,
494 2126 555 2188 quo
577 2112 678 2191 magis
694 2117 874 2173 moneantur
889 2109 1106 2182 adolescentes,

188 2245 225 2290 nc
254 2227 340 2290 culus
368 2226 543 2289 anctoritate
570 2242 696 2289 snorum
724 2226 884 2289 oculorum
906 2227 1001 2289 aciem
1029 2242 1109 2305 prae-

187 2343 298 2424 stringi
319 2342 490 2420 patiantur,
524 2343 569 2402 vir
593 2342 780 2406 clarissimus
803 2341 1029 2421 suppeditabit,
1062 2342 1109 2403 cui

188 2461 376 2535 uolantum,
390 2465 535 2537 qnantum
546 2458 653 2521 ceteris
665 2458 817 2535 omnibus,
829 2455 1110 2537 HomeriOdysseae

189 2576 395 2657 interpretatio
426 2584 583 2656 acceptum
615 2571 717 2637 refert.
768 2573 796 2637 ls
828 2574 868 2638 ad
898 2574 958 2638 Od.
983 2573 1017 2653 1,
1050 2574 1111 2636 aot

189 2696 254 2759 lraec
281 2693 405 2773 scripsit
437 2693 530 2772 [call.
557 2689 646 2754 Anm.
669 2707 725 2755 zur
751 2691 812 2755 Ocl.
835 2710 867 2771 p.
891 2691 971 2770 ill:
1011 2686 1111 2754 Kome

190 2830 225 2875 cr
244 2830 280 2875 so
295 2805 501 2897 japcadliclc,
526 2818 726 2886 noctanter,
754 2806 814 2872 acic
835 2805 887 2872 c'clc
908 2805 965 2872 tora
987 2804 1111 2871 domolo

191 2926 336 3013 bayons
365 2922 496 2992 trinlccn
523 2921 602 3003 sole,
630 2921 710 3012 jetzt
739 2921 904 3016 bcwoffaet
936 2923 993 2988 nait
1019 2921 1113 2988 zoel-

189 3040 405 3130 sclcaec'dt'pem
415 3041 504 3108 Boc'le
519 3039 584 3127 (ll.
596 3040 662 3120 23,
678 3037 781 3121 851)
802 3039 872 3104 aad
881 3039 961 3108 zwec'
973 3039 1112 3128 Speeron

191 3160 262 3227 lrc'er
289 3171 383 3225 octor
404 3157 456 3226 die
476 3159 590 3226 Frot'er
616 3179 648 3224 a.
672 3179 699 3224 s.
721 3179 761 3224 ao.
805 3159 881 3222 Mihi
904 3160 1026 3240 quidem
1049 3177 1110 3222 non

190 3278 279 3344 facilc
311 3287 356 3342 est
391 3278 430 3342 ad
462 3278 711 3359 intelligendum,
752 3278 908 3357 quomodo
939 3279 986 3355 is,
1027 3277 1112 3338 cuim

190 3397 294 3460 animo
325 3395 424 3459 Ulixis
456 3397 572 3476 specics
604 3395 693 3459 toties
725 3394 882 3457 obversata
914 3397 972 3472 sit,
1010 3410 1113 3474 regem

194 3514 377 3580 lthaccnscm
414 3513 474 3577 sibi
509 3514 628 3576 finxerit
659 3510 904 3592 bipennilcrnm,
944 3512 1112 3592 presertim
