2592 4075
685 255 724 321 tt

244 452 675 534 designanteoonneotunuar,
708 455 764 520 sed
784 457 852 520 evim
874 454 973 519 dativo
994 454 1040 518 vei
1061 454 1168 520 addita

243 571 288 633 vei
311 571 424 634 omissa
446 574 666 653 propositione
693 582 745 638 aut
766 590 834 637 eum
860 573 1011 637 adverbiis
1033 576 1168 653 quietem

243 688 494 770 significantibus.
547 690 669 769 Restat,
702 699 735 755 ut
768 707 836 755 cum
864 690 953 773 δεῦρο
983 691 1166 769 iungamus,

244 808 327 888 quud
346 809 433 873 vaide
454 807 562 891 piacet.
604 808 681 871 Nam
702 809 765 872 sive
785 809 980 888 imperativus
1008 808 1167 872 vocandus

243 934 288 988 est
312 926 509 1009 δεῦρο-δεῦτε
536 928 599 989 sive
625 926 801 989 adverbium
834 923 1018 1004 (Cramerus
1046 924 1165 991 Aneed.

243 1040 297 1107 Gr.
326 1042 365 1119 1,
397 1043 456 1107 109
467 1063 477 1121 ;
520 1041 600 1121 1173
642 1042 740 1120 118),
779 1043 950 1122 imperativi
981 1043 1051 1107 loeo
1084 1053 1165 1108 eerte
1277 1029 1278 1038 ’

242 1159 379 1241 iungitur
402 1161 481 1241 (od.
504 1161 538 1239 9,
562 1159 621 1224 517
628 1180 639 1240 3
669 1162 703 1224 tl.
728 1158 782 1237 11,
804 1160 883 1238 685)
896 1178 907 1237 ;
941 1143 1096 1240 utrumque
1116 1162 1165 1224 vel

241 1278 372 1340 maxime
389 1286 489 1341 motus
505 1278 757 1358 significationem
769 1278 888 1356 habeat,
912 1294 980 1341 cum
996 1276 1165 1359 λέκτρονδε

241 1395 396 1474 aptissime
418 1396 657 1476 confluentum).
699 1396 802 1476 ltaque
824 1392 1017 1459 scribendum
1036 1409 1162 1458 censeo:

283 1513 388 1595 δεῦρο,
411 1509 504 1597 φίλη,
525 1511 706 1598 λέκτρονδε·
728 1511 916 1597 τραπείομεν
938 1498 1133 1595 ου’νηθέντες.

323 1629 365 1693 ita
387 1630 535 1692 orationis
556 1633 759 1694 numericam
778 1631 916 1711 plurimis
935 1629 1072 1692 versibus
1089 1645 1163 1692 eon-

240 1748 379 1824 venient,
413 1746 466 1825 qui
494 1755 523 1810 et
549 1747 610 1826 ipsi
638 1747 699 1811 duo
728 1750 856 1829 imperia
878 1756 930 1811 aut
950 1747 1112 1826 imperium
1135 1757 1164 1809 et

240 1863 481 1928 adhortationem
503 1867 670 1944 continent,
699 1867 777 1929 velut
799 1865 859 1930 01.
884 1863 939 1939 10,
969 1863 1050 1926 31οε

282 1980 369 2066 ἔρχεο
391 1980 443 2047 νῦν
466 1972 629 2060 συφεόνδε·
653 1970 720 2068 μετ’
743 1973 845 2048 ἄλλων
867 1980 938 2061 λέξο
962 1978 1102 2065 ἑταίρων.

465 2100 530 2178 (cfr.
553 2100 588 2162 lt.
614 2102 668 2175 19,
695 2101 767 2175 1393
797 2101 853 2171 13,
876 2101 936 2178 71).

321 2215 418 2279 Etiam
440 2219 647 2283 coniunctivus
676 2217 883 2283 adhortativus
909 2218 1032 2282 solitum
1058 2217 1160 2285 iocum
1279 2294 1280 2307 ρ

238 2335 279 2396 ita
301 2333 422 2397 demum
444 2335 573 2417 obtinet;
596 2338 629 2401 iit
648 2339 728 2401 enirn
751 2338 941 2417 plerumque,
963 2344 996 2400 ut
1015 2335 1065 2398 hie
1086 2352 1160 2398 eou-

239 2451 407 2530 iunetivus,
440 2456 611 2533 praesertim
641 2473 735 2535 qurum
765 2453 918 2534 praecedat
945 2453 1157 2534 imperativus,

239 2542 474 2653 enuntiationem
496 2571 622 2650 incipiat
641 2579 693 2633 aut
714 2570 842 2647 claudat,
865 2573 984 2651 positus
1005 2571 1158 2631 inversus

238 2686 324 2750 initio
357 2686 436 2767 (Od.
460 2686 494 2765 3,
532 2685 587 2765 18)
614 2697 667 2751 aut
695 2688 829 2751 clausula
857 2688 909 2766 (11.
939 2687 974 2764 6,
1002 2685 1080 2765 310)
1107 2694 1159 2750 aut

238 2812 309 2881 post
330 2822 477 2869 caesuram
500 2804 552 2881 iu.
576 2803 631 2882 11,
655 2803 744 2882 150).

287 2998 290 3003 p
319 2920 364 2984 Ex
385 2922 442 2987 irae
464 2923 531 3002 lege
552 2920 586 2984 li.
608 2920 665 2999 11,
697 2921 755 2984 119
778 2931 805 2985 et
828 2921 887 2985 130
915 2929 1021 2984 eontra
1041 2919 1156 2985 Beike-

238 3050 305 3098 rum
332 3055 399 3100 eum
422 3040 634 3120 superioribus
661 3039 701 3102 ita
725 3038 1001 3121 interpungendum
1028 3053 1153 3115 censeo,

237 3160 270 3216 ut
289 3150 412 3236 εἰδομεν
434 3134 827 3235 enuntiationem'ineipiat.

237 3303 438 3314 ...a-*-

254 3377 286 3446 *J
305 3380 354 3432 est·
365 3380 473 3450 λέχοσδε
483 3369 545 3437 avoir
556 3380 634 3450 (tta,
646 3381 721 3448 117),
732 3371 860 3450 λέκτρονδ’
868 3383 940 3451 ἴομεν
952 3378 1017 3447 (01.
1026 3383 1067 3447 23,
1077 3379 1153 3447 251).

708 3566 720 3569 vr
746 3562 787 3571 va-
