2592 4075
659 266 697 330 16

225 476 322 546 quum
342 469 454 525 ocutos
480 455 664 526 abstulisset
688 459 826 528 tunicas.
869 460 904 527 ln
925 462 1052 528 eandem
1073 480 1143 546 sen·

222 579 346 644 tentiam
385 579 475 642 ceteri
506 581 712 659 recentiores,
750 599 767 643 c
799 581 910 661 quibus
942 579 1140 661 Spitznenus:

222 689 337 758 “Rota
367 706 460 781 utque
492 693 624 762 insolitu
655 695 746 762 uerbi
775 696 919 781 περίδυσε
949 696 1143 783 stputficuuo

223 807 412 875 coniecturis
440 793 554 877 cusanc
577 811 687 906 ’dedic
721 812 793 879 Illis
820 826 923 879 autem
949 834 1007 879 uos
1034 831 1142 879 carcre

217 943 321 1012 posse,
344 925 514 994 soboliuet
536 911 723 996 Eustotlu'us
745 927 944 997 ostendunt&

265 1029 337 1108 ¹·ln
358 1047 415 1110 bac
437 1048 636 1126 explicatione
663 1050 793 1112 maxime
823 1047 948 1111 offendit
968 1067 1003 1111 ea
1025 1047 1142 1130 signill-

223 1166 321 1243 cutio,
355 1181 452 1245 quiam:
473 1166 541 1228 voci
565 1155 717 1248 περιδύειν
743 1168 843 1230 inesse
869 1168 1038 1230 voluerunt.
1091 1166 1143 1229 Est

222 1284 302 1346 enim
323 1282 383 1345 boc
403 1279 533 1346 monstri
554 1283 673 1361 simile,
706 1281 874 1363 uocabulo,
911 1283 994 1365 qucod
1015 1267 1141 1362 celiquis

221 1400 298 1465 locis
334 1399 484 1480 analogice
520 1401 619 1482 legem
657 1412 811 1479 secutum,
852 1402 884 1464 in
915 1400 1140 1477 uencccslluu,

221 1507 427 1600 ueptsuuouuc,
447 1517 613 1602 περιχέειν,
636 1522 743 1584 ceteris
765 1511 1063 1596 obviaminduendi
1084 1535 1141 1581 no-

222 1638 335 1699 tionem
350 1636 468 1714 babeat,
492 1654 553 1698 uno
569 1636 639 1699 loco
657 1640 839 1700 contrariam
855 1635 1008 1699 notionem
1019 1635 1139 1700 subiici.

221 1752 299 1818 Nam
328 1752 411 1832 quod
439 1752 617 1830 Dnmmius,
650 1753 756 1816 Rostio
788 1770 849 1816 non
878 1755 1079 1833 obloquente,
1113 1761 1142 1816 el

221 1843 384 1933 Pessovius
415 1868 448 1931 id
480 1870 642 1935 discrimen
674 1849 751 1933 inter
781 1860 949 1953 περιδύνειν
983 1879 1011 1933 et
1041 1860 1139 1933 δύνειν

221 1983 365 2070 π3ρ1(11.
386 1984 434 2066 13,
457 1985 534 2067 2413
559 1985 607 2065 19,
631 1987 688 2052 371
698 2008 708 2066 ;
732 1988 761 2066 3,
785 1988 864 2065 33·1;
885 1987 989 2066 8,13;
1014 1985 1062 2066 13,
1080 1986 1137 2067 253

223 2102 277 2181 lo,
302 2103 378 2182 1333
401 2104 461 2169 Od.
486 2103 538 2183 15,
562 2105 618 2183 61;
641 2106 692 2182 12,
719 2105 806 2183 113.)
830 2107 958 2168 statuere
980 2115 1136 2184 conantur,

221 2231 254 2286 ut
272 2221 344 2286 huic
365 2210 510 2287 induendi
531 2222 576 2288 illi
598 2224 729 2287 exuendi
755 2223 935 2303 significatio
956 2223 1136 2299 vindicetur,

222 2342 305 2404 omni
326 2337 444 2405 notione
466 2350 557 2405 canet.

303 2455 341 2519 At
360 2457 533 2521 Eustatbius
555 2468 583 2521 et
603 2458 774 2523 scholiastae
801 2459 872 2523 buic
893 2458 960 2521 voci
981 2458 1059 2521 banc
1079 2455 1138 2516 vim

222 2573 332 2639 diserte
352 2574 498 2637 tribuunt.
541 2573 660 2637 Fateor.
705 2573 766 2638 Sed
787 2577 827 2638 itu
845 2576 1011 2655 loquuntur
1028 2573 1138 2637 scholi·

221 2700 314 2768 astae,
347 2697 380 2753 ut
405 2688 494 2753 facile
521 2701 686 2771 appareat,
720 2692 814 2757 totum
845 2693 925 2756 bunc
956 2666 1061 2755 locum
1087 2708 1140 2753 eos

220 2809 300 2872 male
321 2807 481 2884 habuisse,
505 2817 533 2871 et
553 2808 633 2873 benc
653 2811 900 2890 explicationem,
924 2826 1032 2887 quam,
1055 2807 1141 2870 meli-

221 2928 327 2990 oribus
349 2944 411 2990 non
434 2927 679 3006 suppetentibus,
708 2928 840 3008 amplexi
862 2936 945 3004 sunt,
979 2925 1056 3004 ipsis
1078 2938 1138 2985 non

221 3047 262 3108 itu
283 3043 369 3107 valde
390 3044 552 3124 placuisse.
595 3046 662 3110 Huc
683 3043 798 3123 celeno,
827 3046 961 3125 primum
984 3040 1065 3124 quod
1087 3036 1140 3100 ulii

221 3157 288 3227 ἐπεὶ
306 3153 410 3226 κλυταὶ
431 3150 530 3246 τεύχε’
553 3149 700 3246 ἀπηύρα,
732 3160 952 3245 31ἰίπερίδησ3
980 3156 1141 3234 scripsisse

220 3279 398 3357 traduntur,
439 3278 547 3344 deinde
586 3280 669 3361 quod
705 3294 814 3359 partlm
844 3279 1000 3354 convenit,
1038 3283 1140 3337 utrum

219 3394 466 3482 παμφαίνοντας
497 3398 536 3462 ad
563 3388 640 3473 τούς
667 3397 820 3475 releuant,
855 3416 893 3462 an
920 3394 959 3459 ad
985 3391 1139 3477 χιτῶνας,

219 3523 281 3577 tum
316 3515 400 3595 quod
431 3514 525 3592 Pius,
563 3534 667 3598 παμφ,
707 3515 746 3578 ecl
778 3505 853 3591 τούς
884 3509 1039 3589 referens,
1077 3527 1139 3574 non
