2592 4075
675 248 717 312 8⁰

545 469 548 476 ’
659 437 739 512 263

535 585 577 656 'lt
601 594 656 669 18,
680 593 852 658 too-572.

322 754 423 812 τοῖσιν
445 733 505 811 δ’ἐν
527 745 670 829 μέσσοισι
690 736 767 820 ποὶις
787 735 936 830 φόρμιγγι
956 742 1056 828 λιγείῃ

325 853 446 949 ἱμερόεν
467 853 629 946 κιθάριζε,
653 860 734 926 λίνον
756 849 843 927 δ’ύπό
865 853 966 926 muido
987 851 1090 940 ἄειδεν

322 979 478 1064 λεπταλέῃ
502 981 607 1065 φωνῇ·
628 976 679 1045 τοὶ
700 976 735 1044 δὲ
755 970 925 1064 ῥήσσοντες
945 967 1078 1061 ἁμαρτῆ

323 1097 429 1183 μολπῇ
450 1083 578 1183 τ’ἰνγμῷ
598 1119 634 1164 τε
654 1091 734 1162 ποσὶΔ
748 1092 933 1180 σκαίροντες
957 1093 1076 1158 ἕποντο.

332 1260 365 1325 ln
387 1278 459 1325 voce
485 1259 568 1325 λίνον
595 1262 776 1342 explicanda
805 1262 878 1326 satis
905 1268 1009 1325 notum
1031 1266 1095 1334 est,
1129 1259 1161 1320 in

240 1378 317 1444 duas
338 1388 440 1459 partes
461 1380 574 1444 abiisse
594 1381 785 1461 interpretes,
809 1389 840 1443 ut
860 1378 948 1443 alteri
965 1377 1084 1441 deiino
1100 1393 1161 1455 pro

183 1499 186 1504 '
240 1495 355 1562 chorda
376 1495 489 1560 dictum
510 1499 702 1578 acciperent,
735 1497 822 1561 alteri
850 1496 887 1560 de
908 1505 1005 1559 vetere
1027 1492 1161 1574 onodam

240 1617 373 1691 morico,
408 1615 490 1693 quod
511 1617 549 1678 ab
572 1615 665 1679 heroe
687 1633 798 1680 nomen
818 1617 921 1678 traxit.
964 1612 1161 1694 Quicumque

239 1741 372 1795 veterum
399 1733 597 1813 interpretum
624 1734 859 1798 commentarios
888 1731 933 1795 vei
966 1732 1094 1811 primis,
1129 1739 1162 1794 ut

240 1848 359 1927 dicitur,
382 1848 476 1912 labris
498 1851 610 1932 attigit,
634 1867 697 1913 non
718 1851 877 1927 dubitabit,
901 1849 975 1929 quin
998 1846 1160 1927 cupiditate

240 1981 302 2029 non
331 1963 385 2030 itta
418 1967 540 2046 quidem
572 1985 666 2049 parra
693 1969 925 2049 explicationem
956 1966 1156 2046 arripuerint,

240 2100 309 2164 quae
336 2082 374 2146 de
399 2092 496 2148 vetere
522 2085 575 2147 iilo
608 2085 702 2148 heroe
729 2094 759 2148 et
785 2086 920 2148 carmine
948 2101 986 2147 ex
1013 2101 1050 2146 eo
1078 2081 1157 2145 dieto

240 2200 408 2265 disserendi
436 2202 556 2282 copiam
585 2199 689 2279 daret,
726 2219 825 2282 neque
857 2201 1020 2281 quisquam
1049 2200 1159 2263 facturn

240 2336 307 2383 esse
332 2318 513 2395 mirabitur,
546 2326 578 2382 ut
604 2335 669 2398 prae
697 2322 815 2384 ratione
841 2328 902 2383 tam
928 2318 1030 2382 subtili
1059 2325 1088 2380 et
1108 2334 1160 2378 ex·

240 2436 352 2515 quisita
373 2435 510 2499 sorderet
536 2437 589 2500 iiia
609 2436 724 2515 altera,
757 2455 827 2517 quae
853 2446 964 2519 pnetet·
989 2443 1160 2515 suspectam

241 2551 393 2631 quandam
421 2555 644 2633 simplicitatem
672 2555 755 2620 nuile
784 2572 817 2618 re
845 2553 1051 2618 commendari
1077 2549 1160 2613 uide-

240 2679 332 2734 retur.
386 2669 520 2734 Eandem
551 2672 701 2736 rationem
728 2671 887 2752 ampiexus
916 2669 1093 2752 Spiunerus
1122 2668 1160 2732 de

241 2788 271 2852 h.
303 2787 326 2851 Ι.
360 2806 489 2853 excursu
527 2789 704 2854 doctissimo
737 2792 948 2869 copiosissime
986 2787 1158 2867 disputavit.

241 2903 305 2985 Qni
332 2921 445 2983 quum,
478 2909 647 2987 propositis
669 2917 801 2972 veterum
828 2907 1028 2981 testimoniis,
1061 2905 1160 2968 varias

240 3021 442 3086 recentiorum
464 3027 626 3089 sententias
644 3026 865 3108 recognoverit,
889 3023 948 3088 hoe
965 3023 1070 3087 labore
1086 3022 1161 3084 mihi

240 3139 500 3220 supersedendum
519 3143 635 3208 ridetur
656 3144 749 3224 idque
770 3140 977 3207 tantummodo
995 3137 1160 3222 agendum,

241 3269 287 3337 ut,
317 3276 386 3339 quae
409 3268 512 3324 eontra
533 3262 612 3326 hanc
634 3263 783 3325 rationem
805 3259 908 3324 atterri
930 3260 1042 3334 soient,
1072 3271 1162 3334 repe-

240 3387 300 3441 tam
322 3385 350 3441 et
370 3395 468 3458 pauca
491 3379 631 3457 quedam
652 3377 774 3443 addam.
